1656 2990
510 208 964 257 PRAEFATIO.
1310 222 1416 259 LXV

139 346 272 387 rent.
353 336 498 403 Mira
531 337 671 385 inter
707 336 867 397 hujus
909 335 1123 402 colleg-ii
1163 335 1411 388 homines

138 426 420 476 intercedit
448 427 716 476 bono'rum
746 428 1088 485 communio,
1129 438 1191 475 ut
1225 444 1293 475 ne
1323 445 1414 493 ap·-

137 529 316 584 pareat
347 516 586 582 quidem,
627 506 808 565 Blass‘ii
839 534 974 582 opus
999 518 1287 582 repetitum
1313 515 1411 567 effe

67 652 72 653 ⁷
130 624 196 656 ex
220 607 483 665 Andretis,
525 605 622 655 nisi
646 607 720 664 ei,
761 609 857 671 qui
879 607 982 657 lioc
1009 625 1226 673 quoque
1259 608 1413 660 usur·
1476 614 1482 627 “
1546 627 1561 641 ·

134 699 285 764 parit.
404 697 689 763 Philologo
731 707 907 746 totum
954 697 1059 747 hoc
1102 697 1411 748 institutum

135 803 253 837 non
279 803 604 852 magnopere
644 787 930 852 probetur,
969 787 1065 836 ubi
1095 800 1250 838 vetus
1285 787 1411 838 scri-

133 887 260 944 ptor
285 877 351 925 ad
384 875 614 926 formam
642 878 955 926 recentioris
990 879 1297 943 compendii
1327 897 1410 928 re-

136 965 364 1031 digitur,
421 967 722 1030 artiumque
761 967 1051 1031 praebemus
1089 980 1342 1020 oneratur
1379 987 1410 1020 e

132 1056 478 1124 popularium
509 1056 761 1121 operibus
795 1056 1076 1121 excerptis,
1115 1059 1264 1123 quod
1290 1057 1410 1110 1013-

132 1162 197 1212 ge
229 1144 375 1195 secus
408 1145 480 1194 eft
515 1147 573 1194 in
604 1145 842 1194 Rollino.
927 1145 1410 1199 Chrestomathiam

137 1235 569 1310 Quinctilicmam,
618 1247 680 1284 ut
714 1245 907 1284 vocant
937 1238 1033 1301 qui
1067 1238 1202 1288 hanc
1234 1242 1409 1306 epito-

130 1343 258 1377 men
296 1326 652 1384 adornarunt,
717 1344 877 1391 quam
918 1338 1056 1375 recte
1099 1327 1407 1390 defendant,

84 1462 86 1465 ,
132 1413 171 1466 fi
196 1414 510 1475 defendunt,
551 1418 794 1482 exemplo
820 1418 1117 1467 Columnae
1137 1423 1407 1481 Trajanae,

60 1545 79 1564 -w
112 1507 475 1577 'viaeAppiaQ
514 1509 643 1573 legis
660 1509 1017 1573 Semproniae,
1056 1508 1231 1559 nescio
1255 1512 1408 1576 equi-

120 1581 284 1656 *denu*
314 1597 558 1663 displicet
586 1609 759 1646 tamen
784 1598 934 1662 quod
959 1617 1162 1649 novare
1198 1601 1408 1666 aliquid.

128 1688 466 1746 maluerunt,
507 1706 669 1754 quain
701 1688 1104 1761 Quintilianezmz
1142 1692 1406 1756 appellare

131 1795 256 1830 cum
292 1788 372 1827 tot
405 1779 536 1827 viris
573 1777 900 1835 doctiss'imis,
949 1779 1409 1846 quidquidperti-

129 1876 281 1917 neret
309 1866 375 1917 ad
402 1866 716 1931 scriptorem
740 1865 996 1916 nostrum.
1078 1871 1275 1934 Neque
1296 1888 1407 1920 ma-

128 1973 286 2022 gnam
327 1955 736 2006 committendae
774 1966 826 2003 et
863 1959 1255 2008 continuandae
1291 1977 1407 2010 ora-

123 2046 286 2103 tionis
314 2043 600 2096 sollertiam
639 2047 698 2094 in
736 2045 841 2095 hoc
878 2050 1096 2112 negotio
1138 2049 1405 2114 praestite-

126 2146 285 2193 runt,
319 2141 440 2185 cum
470 2136 695 2185 Fabium
732 2136 978 2197 juberent
1011 2137 1157 2189 hunc
1189 2142 1248 2190 in
1285 2159 1404 2193 mo·

50 2256 70 2290 ss
128 2225 263 2275 dum
301 2226 479 2290 loqui:
548 2225 711 2283 „Inde
749 2228 850 2274 erit
893 2225 1079 2286 status,
1133 2231 1284 2294 quod
1332 2260 1396 2269 —-

125 2316 366 2375 „auditor
424 2314 766 2380 spectandum
826 2318 1054 2366 maxime
1120 2320 1400 2387 intelligit:

124 2405 308 2471 „quod
343 2401 469 2478 effet
492 2407 563 2455 in
596 2404 746 2455 causa
779 2406 1218 2472 potentissimum,
1260 2422 1312 2460 et
1341 2413 1402 2461 in

56 2548 59 2549 γ
123 2513 264 2561 „quo
315 2496 544 2545 maxime
594 2512 677 2545 res
729 2506 1072 2553 vertereturf‘
1190 2500 1400 2550 Frustra

95 2628 99 2633 .
123 2586 505 2638 Grammaticus
529 2585 619 2634 hic
641 2585 952 2636 structuram
977 2556 1226 2654 expedire
1251 2592 1394 2646 labo-2

123 2685 237 2735 ret,
284 2685 337 2725 et
366 2677 622 2742 temporis
663 2686 754 2726 aut
785 2677 1240 2739 modffiationem
1280 2681 1403 2745 red-‚

854 2785 885 2815 e
