1656 2990
268 262 329 292 20
575 251 648 295 M.
689 252 817 296 ΕΑΒ.
855 252 1261 313 QUINTILIANI

266 371 390 436 equi
421 371 485 418 ad
522 371 759 430 cursum,
795 373 858 421 ad
898 372 1161 423 saevitiam
1186 373 1324 422 ferae
1352 374 1577 439 gignun-

266 457 378 494 tur:
417 449 486 494 ita
513 449 664 497 nobis
685 450 895 513 propria
914 448 985 496 est
995 450 1182 498 mentis
1203 451 1408 514 agitatio
1423 459 1576 513 atque

269 520 519 571 sollertia:
563 523 704 571 unde
729 526 876 588 origo
900 525 1060 572 animi
1087 523 1319 588 coelestis
1332 524 1572 572 creditur.

234 598 489 645 “Hebetes
499 615 626 646 vero
646 608 695 646 et
714 598 966 647 indociles
978 616 1088 647 non
1108 602 1268 664 magis
1290 598 1631 648 secu-11dum15

266 682 505 720 naturam
539 673 779 721 homines
809 672 1063 730 eduntur,
1103 691 1260 739 quam
1284 672 1579 739 prodigiosa

265 764 496 810 ‹zoi-pora,
535 758 585 794 et
604 747 845 796 monstris
866 747 1107 813 insignia:
1146 748 1235 797 sed
1252 750 1310 797 hi
1322 751 1475 814 pauci
1491 748 1578 796 ad·-

262 823 509 871 modum.'
548 821 709 871 fuerit
739 835 1126 888 argumentum,
1160 824 1303 889 quod
1321 826 1378 873 in
1401 825 1578 890 pueris

262 897 433 944 elucet
454 896 565 962 spes
589 898 971 962 plurimorum,
1011 917 1142 964 quae
1170 900 1299 949 dum
1324 901 1577 949 emoritur

263 983 449 1029 aetate,
488 972 820 1022 manifestum
842 974 938 1031 est,
973 992 1083 1025 non
1104 986 1340 1024 naturam
1364 973 1575 1023 defecis-

261 1046 338 1104 se,
383 1047 472 1096 sed.
497 1066 686 1097 curam.
777 1049 995 1099 Praestat
1018 1061 1188 1098 tamen
1209 1051 1422 1116 ingenio
1445 1051 1576 1099 alius

263 1123 436 1175 alium.
479 1124 739 1174 concedo:
779 1124 865 1175 sed
886 1135 945 1174 ut
967 1127 1086 1191 plus
1117 1125 1321 1183 efficiat,
1362 1135 1450 1174 aut
1479 1127 1578 1174 mi-

231 1214 392 1249 5nus:
443 1216 601 1248 nemo
639 1210 809 1249 tamen
842 1203 1128 1265 reperitur,
1186 1203 1281 1267 qui
1312 1200 1372 1249 fit
1403 1200 1576 1250 studio

228 1329 232 1348 Ι
259 1274 397 1322 nihil
420 1267 736 1324 consecutus.
815 1278 929 1326 Hoc
955 1278 1050 1341 qui
1071 1277 1385 1342 perviderit,
1415 1277 1579 1342 proti-
1613 1311 1622 1317 ,

260 1365 364 1398 nus
399 1360 459 1398 ut
489 1351 586 1398 erit
609 1368 791 1415 parens
815 1350 1005 1409 factus,
1043 1370 1210 1400 acrem
1235 1369 1390 1417 quam
1415 1352 1577 1401 maxi-

261 1441 344 1472 me
367 1443 543 1473 curam
561 1425 666 1490 spei
687 1425 855 1476 futuri
878 1430 1093 1476 oratoris
1107 1428 1386 1492 impendat.
1442 1430 1576 1476 Ante

261 1502 463 1558 omnia,
502 1519 567 1549 ne
589 1501 648 1550 fit
669 1502 886 1551 vitiosus
897 1503 1063 1552 sermo
1085 1504 1404 1552 nutricibus:
1436 1519 1577 1567 quas,

264 1575 300 1625 ss
335 1574 446 1624 fieri
484 1576 670 1641 posset,
720 1577 968 1642 sapientes
1004 1579 1326 1643 Chrysippus
1361 1579 1576 1642 optavit,

227 1662 423 1713 4certe,
464 1663 718 1717 quantum
747 1670 827 1702 res
861 1664 1144 1718 pateretur,
1195 1655 1414 1718 optimas
1451 1652 1576 1716 eligi

260 1727 447 1775 voluit.
526 1731 588 1774 Et
606 1745 818 1777 morum
838 1729 1055 1792 quidem
1074 1732 1127 1777 in
1154 1729 1236 1778 his
1259 1729 1402 1777 haud
1413 1727 1575 1776 dubie

260 1802 408 1866 prior
433 1804 563 1851 ratio
585 1802 684 1850 est:
725 1814 860 1851 recte
891 1815 1062 1853 tamen
1092 1806 1246 1852 etiam
1277 1806 1571 1868 loquantur.

224 1881 364 1936 5‘Has
388 1879 622 1942 primum
647 1878 824 1936 audiet
844 1881 998 1944 puer,
1036 1879 1223 1928 harum
1253 1879 1410 1927 verba
1432 1877 1575 1926 effin-

259 1969 379 2016 gere
399 1953 654 2002 imitando
682 1955 967 2003 conabitur.
1041 1958 1104 2003 Et
1131 1966 1314 2003 natura
1334 1951 1575 2002 tenaciffi-

258 2029 334 2074 mi
364 2027 543 2077 sumus
567 2045 777 2086 eorum,
814 2046 946 2094 quae
980 2030 1197 2078 rudibus
1228 2031 1376 2078 annis
1401 2044 1574 2094 perce-

260 2103 464 2169 pimus:
506 2114 567 2152 ut
598 2103 776 2169 sapor,
815 2123 922 2169 quo
957 2123 1095 2154 nova
1127 2106 1358 2162 imbuas,
1396 2103 1572 2158 duran

350 2231 513 2267 homines.
570 2231 663 2267 Edd.
685 2242 828 2280 praeter
838 2233 987 2268 Aldinae
1001 2244 1036 2269 et
1058 2234 1205 2270 Gesneri
1224 2245 1347 2268 omnes
1370 2232 1445 2266 fere
1467 2231 1572 2265 homi-

261 2289 333 2323 nis,
364 2287 420 2320 sed
441 2287 613 2321 addicunt
634 2289 812 2327 Gesnem,
841 2289 1048 2323 defendenti
1061 2290 1332 2325 nominativum
1344 2285 1493 2335 pluralis
1506 2297 1572 2319 nu-

259 2341 377 2379 meri»
405 2342 503 2378 Voff.
528 2352 564 2376 2.
600 2342 710 2378 Goth.
736 2353 772 2378 et
791 2343 911 2379 Guelf.
970 2345 1204 2379 concinnitas
1234 2343 1383 2378 videtur
1419 2341 1572 2389 poscere.

260 2406 304 2429 ut
334 2396 541 2445 proclig1'osa
575 2411 723 2445 corpora
755 2398 909 2434 habeant
930 2398 993 2434 fibi
1015 2401 1196 2447 oppofitos
1218 2410 1293 2432 non
1315 2397 1472 2431 hebetes,
1514 2392 1571 2427 sed

260 2450 398 2486 hebetes
419 2452 582 2486 hanzines.
648 2454 796 2488 Sensum
820 2454 928 2487 etiam
950 2453 1099 2488 alterius
1122 2454 1315 2500 scripturae
1335 2447 1517 2482 defendas·

333 2505 462 2553 fuerit.
521 2509 603 2541 Hoc
629 2507 778 2554 quidem
802 2521 821 2543 e
844 2510 1047 2554 conjectura
1077 2508 1206 2556 Regii,
1236 2517 1318 2539 cum
1344 2501 1459 2539 Codd.
1481 2502 1568 2536 dent

255 2559 414 2607 [uerunt.
469 2561 538 2596 Sed
561 2563 682 2597 Guelf.
709 2564 844 2598 accedit
865 2564 909 2597 ad
930 2576 1054 2598 veram
1078 2563 1312 2609 scripturam,
1345 2557 1564 2606 praeferens:

254 2615 402 2661 fuerint.
503 2615 573 2664 secl
601 2627 638 2652 ut
666 2620 758 2666 plus.
822 2620 865 2653 Ut
891 2618 1070 2653 omittunt
1108 2615 1228 2652 Guels.
1263 2625 1299 2650 et
1322 2613 1436 2649 Goth.
1469 2616 1566 2657 (tne-

255 2671 388 2714 (jesu.)
516 2675 742 2718 percepimus.
770 2675 852 2709 Hoc
863 2687 907 2709 ex
920 2674 1060 2719 Bodiej.
1075 2673 1186 2708 Goth.
1218 2670 1314 2706 Alm.
1325 2678 1359 2704 et
1372 2667 1566 2703 Poullainii

248 2727 388 2761 Codice
410 2726 567 2774 praetuli
600 2728 751 2778 vulgato
763 2731 981 2778 percipimus.
1036 2729 1155 2762 Etiam
1170 2725 1375 2763 Obrechtus
1396 2732 1541 2770 recepit·
