1656 2990
328 258 492 305 INST.
531 257 808 304 ORATOR.
843 256 964 303 LIB.
1000 255 1096 314 111,
1135 269 1180 314 7.
1324 266 1422 315 547

82 381 205 434 dam
243 400 375 434 vero
426 384 583 438 etiarn
624 383 683 431 in
727 379 1044 431 defensionis
1078 378 1305 446 speciem
1341 399 1421 431 ca-

82 460 237 511 dent:

285 471 348 511 ut
380 459 495 519 fi,i
477 478 535 509 111
567 459 724 509 laude
755 459 1025 517 Herculis,
1063 468 1422 524 permutatum

17 556 19 558 ’
83 555 209 587 011111
239 539 420 604 regina
441 537 644 603 Lydiae
678 537 922 585 habitum
957 545 1009 583 et
1034 536 1288 600 imperata
1322 537 1421 599 (ut

0 623 73 670 167
86 614 367 680 traditur)
391 613 549 680 pensa
594 623 772 664 orator
815 611 1033 662 excuset.

1150 613 1253 662 Sed.
1296 631 1421 680 pro-

18 730 26 746 „
82 694 263 758 prium
291 691 465 742 laudis
499 690 596 749 est,
651 707 733 739 res
766 687 1089 760 amplificare
1126 699 1178 737 et
1217 707 1277 739 07
1278 707 1418 740 nate

3 804 17 832 y

7 899 9 901 ¹
81 845 328 896 homines
363 846 526 894 cadit:

6 936 10 940 ·
81 923 243 980 1111111,
306 933 358 971 et
388 923 681 971 carentium
713 922 897 969 anima.

82 772 230 838 Quae
276 770 493 817 materia
526 769 810 834 praecipue
858 766 1079 830 quidem
1111 768 1171 815 in
1205 766 1331 817 deos
1369 777 1422 816 et

574 844 646 892 est
678 854 854 892 tamen
889 853 940 892 et
968 844 1197 893 aliorum
1225 845 1422 893 anima-

987 923 1187 970 Verum
1218 922 1276 970 in
1307 920 1455 970 deis⁷

15 1031 26 1035 -
82 1001 397 1067 generaliter
422 1001 662 1067 primum
691 996 1008 1059 majestatem
1037 996 1200 1066 ipfius
1232 1015 1421 1049 eorum

166 1179 291 1215 propr.
311 1163 363 1216 est
380 1180 435 1203 res
453 1167 567 1214 ampl.
625 1163 749 1201 Guelf.
771 1175 845 1198 0111.
873 1177 940 1199 res.
997 1162 1139 1204 Placet,
1170 1177 1238 1200 nec
1255 1176 1339 1200 raro
1357 1177 1425 1214 per

82 1232 248 1258 errorem
269 1222 443 1261 adhaeret
467 1236 522 1258 ros
544 1235 563 1256 e
586 1221 723 1256 vicinis
756 1229 799 1254 ut
831 1219 894 1254 hic
916 1233 963 1255 ex
983 1219 1048 1268 est.
1094 1220 1174 1256 vid.
1198 1222 1367 1256 Gronov.
1387 1231 1426 1258 et

81 1277 274 1317 Drakenb.
304 1278 351 1314 ad
369 1279 456 1315 Liv.
480 1289 501 1314 2
516 1303 527 1318 ,
562 1283 632 1322 18,
664 1286 701 1311 2.
759 1275 829 1311 Sed
850 1276 961 1311 ceteri
978 1275 1067 1311 libri
1088 1276 1267 1312 videntur
1289 1277 1424 1314 habete

83 1345 224 1370 omnes.
517 1334 664 1370 animal.
694 1342 730 1367 et
762 1347 835 1367 car.
866 1346 925 1367 an.
984 1332 1109 1368 Turio.
1140 1334 1285 1369 animal.
1316 1336 1425 1370 etiam

83 1405 156 1427 car.
188 1405 247 1426 an.
288 1403 374 1426 cum
405 1389 506 1427 Alm.
538 1400 574 1425 et
609 1388 690 1424 edd.
723 1389 815 1423 meis
844 1388 918 1433 (de
947 1389 1042 1428 Jens.
1078 1399 1144 1423 tac.
1176 1390 1310 1435 Gelu.)
1341 1400 1426 1426 ante

78 1447 233 1496 Gryplr.
254 1446 441 1486 omnibus,
470 1446 634 1494 exceptis
656 1444 772 1480 Badio
785 1470 795 1484 ‚
824 1445 892 1491 qui
912 1457 932 1478 e
953 1444 1111 1482 Vallenfi
1131 1445 1266 1480 Codice
1285 1447 1426 1495 recepit

85 1514 123 1541 et
142 1515 212 1552 pro
233 1506 360 1543 etiam,
390 1512 428 1537 et
449 1502 694 1538 cervicorno.
752 1502 925 1539 Veterem
955 1501 1169 1548 scripturam
1189 1501 1286 1537 inter
1304 1515 1428 1537 recen.

86 1559 201 1595 tiores
220 1559 416 1595 revocavit
434 1557 528 1595 Obr.
551 1558 618 1605 qui
635 1566 735 1592 recte
756 1556 942 1591 distinxit:
982 1555 1032 1606 est
1061 1567 1180 1592 tamen
1208 1576 1265 1586 -υ
1291 1561 1427 1594 anima.

88 1618 188 1652 lium.
217 1618 324 1651 etiam
340 1630 410 1650 car.
435 1629 494 1650 an.
551 1617 641 1649 Eam
661 1613 734 1661 ipse
753 1624 906 1661 quoque
927 1613 1118 1648 tenuiss'em
1135 1614 1331 1654 rationem,
1359 1615 1425 1651 nifi

85 1672 307 1709 viderentur
327 1670 485 1720 plurimi
504 1670 620 1706 Codd.
644 1669 761 1704 faeere
782 1681 867 1703 cum
889 1667 1059 1707 VallenIi.
1118 1669 1254 1704 Saltem
1276 1671 1428 1706 Gesneri

87 1728 351 1764 diremtionem
373 1727 535 1767 deserni,
565 1725 762 1762 incidentis
786 1724 866 1774 post
885 1724 1049 1760 aliorum.
1105 1727 1189 1762 Hoc
1207 1728 1232 1762 fi
1251 1727 1429 1764 voluiss'et

88 1783 356 1834 Quintilianus,
380 1783 529 1820 dixiss'et
549 1782 624 1823 ille,
659 1782 702 1818 ni
721 1781 749 1817 f.
767 1795 775 1817 :
817 1791 877 1822 „et
898 1781 1045 1818 animal.
1068 1791 1105 1818 et
1126 1795 1197 1819 car.
1219 1791 1303 1820 ari-‘⁶

788 1917 1166 1955 animadverfionibua
1191 1919 1309 1956 edidit
1334 1922 1430 1958 Hee-

786 1987 854 2009 ren
874 1977 920 2013 V.
943 1977 984 2012 C.
1016 1977 1218 2029 Gottingae
1244 1983 1360 2022 1785.
1389 1983 1428 2022 8.

145 1920 362 1972 defensionis
375 1919 544 1971 speciem.
586 1920 631 1955 cf.
654 1930 734 1953 mo·

89 1977 140 2015 do
157 1978 220 2024 (5.
241 1985 279 2026 4.
291 1975 421 2027 )fpec.
441 1978 543 2026 prob.
567 1990 613 2011 ne
633 1977 732 2012 forte

89 2023 155 2087 sog
134 2034 215 2070 ‘rico
237 2035 438 2085 fignificatu
452 2034 617 2081 accipias.

147 2104 226 2126 cum
251 2091 398 2138 Regina
427 2090 593 2139 Lydiae.
650 2086 731 2125 vid.

92 2146 208 2185 ovid.
219 2145 384 2183 Heroid.
409 2158 447 2194 9,
477 2152 700 2190 55--118.

153 2203 255 2254 Quae
273 2205 432 2239 materia.
489 2202 651 2241 Videtur
669 2201 733 2238 hic

93 2257 204 2295 latius
228 2258 323 2294 dicta
342 2260 500 2298 nuceria,
531 2259 734 2309 fignificatu

47 2335 49 2338 ⁴
93 2314 201 2364 plane
220 2313 439 2353 scholastico,
470 2327 539 2362 pro
560 2314 735 2350 declama-

43 2398 46 2399 .
97 2371 209 2407 tionis
229 2382 374 2422 genere,
402 2383 487 2404 nam
511 2372 617 2419 supra
640 2372 671 2415 ᾗ.
696 2381 734 2414 3.

96 2427 226 2473 minus*
250 2439 349 2462 nove
376 2427 583 2475 usurpatur.

642 2427 734 2475 Quis

22 2485 26 2487 ’
60 2531 62 2533 ‚
97 2491 220 2518 autem
243 2482 395 2532 proprie
417 2484 737 2530 amplificationem

50 2544 55 2553 '
97 2545 136 2575 et'
154 2549 318 2575 ornatum
337 2537 493 2587 appellet
521 2542 737 2576 materiam?

96 2594 337 2630 Partitionem
359 2597 374 2639 (
387 2596 523 2630 Graece
547 2592 737 2646 διαίρεσιν)

97 2647 216 2686 laudis
254 2650 364 2687 habes
401 2651 501 2700 apud
545 2652 736 2687 rhetorem

73 2706 345 2749 *Menandrum
413 2707 458 2742 de
522 2708 734 2749 Encomih,

97 2773 228 2809 quem,
257 2762 356 2797 inter
383 2760 550 2798 rhetoras
579 2765 737 2800 Graecos

98 2815 143 2853 ab
153 2816 249 2854 Aldo
261 2817 469 2870 vulgatum,
498 2820 642 2855 seorfim
653 2832 736 2856 cum

844 2042 879 2066 et
902 2033 1054 2068 aliorum
1073 2053 1127 2060 -—
1149 2035 1281 2068 anima.
1339 2033 1430 2071 Ani-

787 2087 948 2123 malibus
978 2098 1015 2123 et
1044 2088 1100 2124 dii
1136 2099 1429 2126 annumerantur

788 2144 886 2188 (vid.
909 2154 957 2184 2,
991 2144 1052 2184 16,
1087 2148 1153 2187 12)
1187 2155 1223 2180 et
1244 2145 1428 2182 homines.

787 2201 979 2238 Victorius
1008 2201 1052 2235 ad
1082 2201 1230 2237 Aristot.
1254 2201 1366 2238 Rhet.
1393 2215 1427 2242 ι,

790 2270 837 2306 9,
867 2267 889 2292 2
934 2269 976 2291 eo
1011 2257 1203 2305 respexiss'e
1232 2257 1430 2306 Quintilia-

788 2326 880 2349 num
904 2323 1023 2360 putat.
1078 2316 1173 2348 Sunt
1196 2324 1318 2349 autern
1342 2314 1430 2351 haec

789 2369 1015 2405 Aristotelis:
1046 2370 1233 2414 συμβαίνει
1254 2391 1307 2398 -
1334 2369 1432 2407 ἔπαι-

791 2429 853 2462 nn
882 2445 937 2454 -—-
968 2421 1006 2461 οὗ
1034 2423 1136 2469 μόνον
1161 2419 1361 2475 ἄνθρωπον,
1408 2419 1430 2471 ἢ

789 2478 886 2525 θεόν,
913 2477 1017 2517 οἶλλοὶ
1038 2479 1100 2518 καὶ
1118 2481 1184 2518 τὶὗν
1203 2476 1324 2519 ἄλλων
1343 2480 1430 2532 ζώων

789 2535 834 2575 τὸ
856 2535 983 2584 τυχόν.
1024 2539 1102 2574 vid.
1124 2540 1373 2575 Menandrum
1391 2554 1429 2591 p.

793 2597 904 2631 Heer.
937 2594 1002 2630 26.
1037 2604 1102 2639 27.
1150 2595 1198 2632 cf.
1234 2605 1356 2633 tamen
1395 2607 1432 2634 et

793 2660 872 2686 not.
895 2650 956 2686 Cr.

849 2707 1064 2755 generaliter·
1083 2727 1138 2735 —
1158 2710 1314 2756 proprie.
1352 2708 1431 2757 Op·

794 2772 988 2812 ponuntur
1009 2761 1076 2799 fibi
1091 2763 1254 2800 invicem
1267 2763 1356 2800 haec
1373 2763 1434 2799 ad-

795 2818 935 2855 verbin-

843 2877 937 2911 Mm
968 2885 990 2910 2
