1656 2990
526 192 982 244 PRAEFATIO.
1257 206 1432 261 1(less

87 322 371 372 interemto
406 318 626 370 demum
649 331 812 387 patre,
845 331 1013 370 matre
1034 328 1211 370 autem
1235 319 1295 369 in
1323 320 1432 368 exi-

85 408 225 461 lium
251 421 384 470 acta,
434 428 463 459 a
496 426 690 477 magno
719 412 992 461 avunculo
1027 411 1343 460 Domitiano
1373 410 1433 457 in

85 500 314 551 rhetoris
339 499 508 551 nostri
545 500 879 568 disciplinam
908 501 1032 551 sunt
1056 501 1250 550 traditi.
1329 502 1434 548 Ha-

85 589 175 642 bet
211 589 333 640 sane
380 590 531 657 quod
569 591 842 658 displiceat
889 593 1067 642 honor
1112 590 1208 640 iste
1253 606 1367 641 non
1405 605 1434 637 a

84 680 350 748 discipulo
394 681 656 748 quaesitus
696 683 1046 751 Quintiliano,
1083 680 1175 732 sed
1205 682 1268 732 ab
1295 685 1434 743 ejus-

84 770 211 821 dem
237 783 408 838 patre,
470 783 522 822 et
560 771 782 838 quidem
820 783 1102 839 antequam
1148 771 1325 822 filium
1369 771 1434 820 ab

84 861 191 912 hoc
230 873 568 928 praeceptore
604 861 906 917 institutum
951 864 1022 912 iri
1060 861 1240 913 noffet.
1329 860 1434 912 Sed

83 951 221 1018 quid
261 942 515 1018 impedit,
566 969 676 1017 quo
712 953 892 1002 minus
927 951 1038 1018 ipse
1066 955 1281 1002 Flavius
1313 953 1437 1004 Cle·

75 1057 262 1114 mens„
322 1040 523 1092 horum
562 1059 859 1108 puerorum
900 1053 1073 1109 pater,
1138 1040 1435 1108 discipulus

81 1128 250 1181 fuen't
289 1133 611 1202 Quintiliani
647 1133 805 1198 eique
840 1133 946 1183 hoc
987 1132 1149 1182 decus
1184 1132 1432 1198 impetra-

82 1224 250 1281 verit,
287 1239 409 1271 cum
433 1224 596 1289 gratia
624 1221 842 1272 floreret
865 1222 976 1289 ipse
1005 1221 1148 1289 apud
1168 1223 1434 1272 Domitia·

81 1329 217 1384 num
246 1314 577 1378 patruelem?
629 1316 692 1363 In
722 1313 820 1362 hac
843 1330 971 1380 ergo
996 1314 1201 1363 ratione
1226 1311 1435 1363 Consu·
1503 1354 1505 1358 ,

60 1402 283 1453 laribus
345 1405 668 1454 ornamentis
717 1404 1130 1456 condecoratam
1174 1403 1432 1452 habemus

81 1493 352 1544 rhetorem
397 1496 556 1543 etiam
600 1505 885 1560 antequam
928 1495 1196 1560 principes
1232 1509 1433 1560 pueros

62 1582 387 1635 'educandos
418 1582 700 1650 accepiffet,
739 1583 947 1635 fortasse
977 1596 1260 1650 antequam
1295 1569 1433 1650 opus

80 1673 188 1724 hoc
222 1674 465 1724 nostrum
502 1676 791 1725 inchoaret.
871 1678 938 1725 Et
968 1673 1088 1725 [aue
1122 1673 1266 1724 filius
1301 1678 1432 1736 ejus,

82 1763 218 1814 dum
246 1775 394 1829 pater
430 1764 587 1814 hosce
619 1766 786 1816 libros
823 1767 1124 1831 componit,
1167 1776 1433 1823 mortuus,

83 1852 382 1914 „consulari
414 1871 590 1919 nuper
619 1855 907 1921 adoptione
941 1855 1007 1903 ad.
1044 1856 1290 1905 omnium
1317 1854 1433 1921 spes

82 1944 389 2003 „honorum
414 1945 577 2010 patris
605 1944 883 1996 admotus“
925 1944 1124 1994 dicitur
1155 1962 1185 1992 a
1214 1956 1434 2012 parente

83 2031 180 2089 lib.
208 2037 257 2082 6.
295 2037 535 2084 Prooem.
577 2048 658 2093 13.
739 2036 841 2085 Sed
871 2046 1030 2099 pater
1060 2036 1153 2083 ille
1186 2031 1430 2101 profecto

66 2121 161 2172 'eft'
203 2122 510 2190 adoptivus,
569 2136 622 2173 et
659 2142 728 2174 ne
779 2137 916 2195 certa
949 2125 1172 2191 quidem
1201 2124 1275 2174 est
1308 2123 1433 2173 scri-

83 2223 242 2280 ptura
269 2214 432 2275 hujus
460 2216 621 2265 vocis.
713 2218 775 2266 In
809 2226 955 2265 tanto
985 2216 1263 2266 honorum
1290 2213 1431 2264 fasti-

82 2304 174 2370 gio
207 2305 496 2354 collocatus
529 2307 702 2357 oblata
735 2324 763 2354 a
795 2307 972 2354 Plinio
1000 2309 1043 2354 L
1069 2306 1240 2354 millia
1271 2322 1424 2355 num·

82 2410 238 2444 mum
266 2395 359 2444 vix
387 2397 570 2461 potuit
605 2413 717 2445 non
751 2395 1047 2460 indignari,
1087 2394 1177 2444 sed
1207 2413 1276 2445 ne
1310 2395 1453 2446 ido:

83 2499 219 2534 neus
254 2485 476 2550 quidem
496 2487 754 2544 xvidetur,
821 2486 918 2549 qui
959 2503 987 2534 a
1015 2487 1270 2540 Iuvenale
1318 2496 1431 2534 tan-

84 2589 246 2638 quam
279 2584 586 2641 temporum
615 2575 838 2625 suorum
860 2574 1062 2642 insigne
1093 2575 1279 2625 divitis
1308 2575 1430 2623 rhe-

83 2650 214 2739 toris
239 2667 555 2734 exemplum
582 2666 887 2716 ostentetur.
967 2664 1152 2717 Refert
1189 2667 1334 2714 enim
1363 2664 1430 2713 ad

914 2773 941 2805 C
