1656 2990
251 273 350 314 610

564 267 637 312 Μ.
673 268 804 311 FAB.
842 267 1251 327 QUINTILIANI

251 389 475 456 publicis
510 387 720 450 judiciis
748 405 861 438 non
891 388 1101 446 accidit,
1140 391 1392 454 quoniam
1419 399 1568 457 praed

251 477 336 516 tor
372 474 507 512 certa
542 465 656 528 lege
694 462 932 521 sortitum
983 463 1484 529 principum‘autem
1516 479 1568 517 et

253 540 456 589 senatus
482 540 870 604 cognitionibus
896 537 1142 603 frequens
1171 538 1266 598 est,
1307 551 1358 589 et
1378 543 1568 607 populi

251 615 357 664 fuit
372 632 386 664 ε

461 616 663 680 privata
707 631 920 679 quoque
961 615 1152 674 judicia
1196 613 1343 682 saepe
1396 619 1569 667 unum

251 690 484 753 judicem
527 690 717 738 habere
754 691 932 738 multis
975 700 1026 737 et
1063 689 1275 740 diversis
1322 690 1566 741 formulis
1578 696 1656 753 29⁶

223 781 245 808 2
258 765 437 816 solent.

515 767 630 814 Nec
652 766 779 813 aliae
800 763 990 831 species
1018 777 1188 823 erunt,
1226 765 1416 815 etiamsi
1431 785 1569 818 unus

341 939 437 965 certa
453 928 544 976 lege.
601 927 727 964 Turio.
751 937 841 963 certo
862 927 887 962 l.
920 939 1003 961 cum
1024 925 1144 967 Alm.,
1174 927 1232 963 sed
1250 927 1315 963 ille
1333 941 1354 963 a
1375 929 1438 965 sec.
1458 941 1570 964 manu

255 994 436 1031 receptam
458 982 578 1017 habet.

845 981 948 1029 fuit.-
986 985 1076 1030 priv.
1098 996 1154 1031 qu.
1173 983 1254 1028 jud.
1268 981 1392 1033 saepe.
1445 983 1569 1020 Guelf-

248 1041 347 1086 fiunt
366 1042 459 1089 priv.
480 1053 537 1087 qu.
552 1037 634 1082 jud.
662 1037 788 1084 Saepe,
816 1036 920 1076 solus,
950 1047 988 1072 et
1006 1039 1078 1072 sine
1098 1039 1210 1073 sensu.

255 1181 312 1233 gis
350 1194 460 1229 quam
491 1180 536 1214 de
567 1181 675 1214 causis
707 1178 888 1225 judicaba-

258 1248 332 1272 tur.
391 1237 495 1272 Certa
524 1237 603 1282 lego
629 1235 799 1279 judicium
827 1235 888 1270 Ci-

257 1304 340 1327 cero
362 1303 509 1338 qnoque
541 1291 688 1336 usurpat
717 1290 757 1322 in
788 1291 887 1324 causa

256 1347 412 1384 Verrina
440 1344 722 1392 repetundarum
751 1343 815 1378 lib.
848 1352 885 1386 5.

257 1414 287 1436 c.
314 1412 350 1437 2.
390 1403 490 1448 Quae
516 1399 613 1448 leges
634 1398 773 1432 fuerint
793 1400 888 1442 judi-

258 1460 390 1492 ciorum
426 1455 666 1502 publicorum,
706 1454 889 1487 recensent

259 1511 406 1562 Digesta
443 1509 507 1543 lib.
539 1514 604 1554 48.
643 1507 701 1541 tit.
731 1521 763 1541 ι.
800 1506 826 1541 l.
853 1521 886 1541 ι.

258 1566 338 1602 vid.
367 1566 411 1600 de
445 1563 549 1610 judd.
579 1561 681 1610 publ.
711 1561 888 1597 Baebium

258 1622 299 1657 in
324 1620 414 1656 Hist.
445 1622 525 1657 Jur.
553 1631 588 1665 p.
613 1627 663 1665 92
686 1619 778 1663 seqq.
826 1618 890 1652 Co·

258 1678 426 1724 gnitionis
448 1672 671 1709 vocabulum
694 1672 889 1720 proprium

257 1732 326 1767 effe
361 1729 508 1776 judiciis
537 1727 694 1775 publicis
725 1737 884 1762 extraor-

258 1786 422 1824 dinariis,
451 1796 541 1831 quae
561 1782 774 1817 exercebant
786 1782 886 1830 prin-

258 1843 366 1890 cipes,
396 1838 548 1875 ostendit
558 1837 726 1872 Erncstus
749 1837 792 1871 ad
802 1840 887 1872 Sue·

260 1907 338 1932 ton.
388 1894 538 1930 Excurs.
569 1904 604 1928 2.
645 1906 682 1941 p.
707 1895 790 1933 V11.
839 1893 885 1928 cf.

257 1952 366 1988 nostr.
390 1961 425 1994 7,
455 1959 491 1988 2,
522 1959 587 1984 20.

315 2010 458 2054 privata
466 2024 520 2032 —
525 2005 672 2050 judicia.
699 2005 796 2038 Haec
806 2004 889 2038 sunt

258 2062 436 2110 praetoris
473 2059 603 2094 urbani
631 2067 665 2093 et
690 2059 888 2108 peregrini,

258 2129 419 2165 quorum
437 2115 485 2150 eft
498 2114 706 2160 jurisdictio,
729 2113 889 2160 reliquo-

259 2185 343 2207 rum
381 2181 502 2206 autem
535 2178 744 2218 praetorum
784 2183 887 2217 quae·

255 2227 336 2275 fiio.
365 2226 453 2262 vide
471 2228 559 2259 Ern.
580 2223 683 2260 Clav.
703 2225 744 2258 in
766 2223 805 2258 h.
818 2235 885 2259 vv.

256 2283 346 2317 item
365 2281 473 2316 Bach.
494 2293 530 2328 p.
553 2291 604 2327 99
625 2280 718 2326 seqq.

313 2327 437 2372 multis·
449 2356 502 2364 -
513 2334 694 2382 formulis.
732 2335 815 2367 Hoc
832 2331 885 2367 10.

259 2405 301 2427 co
323 2391 544 2440 intelligitur
560 2389 691 2424 modus
716 2400 886 2422 exercen-

259 2448 323 2482 dae
346 2445 564 2497 cognitionis
583 2443 698 2490 judici
717 2443 885 2490 praescri-

258 2512 343 2549 ptus
366 2515 385 2536 a
402 2511 568 2548 praetore
586 2499 625 2532 in
646 2501 744 2532 causa
765 2498 884 2545 priva-

259 2567 292 2590 ta
304 2582 313 2595 ,
350 2557 416 2603 qui
435 2565 471 2589 et
488 2556 633 2589 actionis
652 2553 800 2588 nomine
822 2565 885 2586 ve-

254 2612 322 2645 nit.
379 2613 459 2648 Jam
491 2610 531 2643 in
559 2609 713 2655 privatis
735 2607 882 2653 judiciis

254 2679 336 2700 cum
356 2664 455 2699 nulla
466 2663 525 2698 lex
543 2673 646 2713 cogat
658 2663 754 2696 intra
764 2674 879 2713 unum

251 2721 402 2769 aliquod
430 2732 468 2754 v.
489 2732 519 2754 c.
543 2719 680 2752 crimen
700 2717 880 2752 contineri

252 2777 292 2810 in
330 2774 548 2823 judicando,
587 2773 702 2821 potest
733 2781 878 2820 praetor

941 1178 1064 1228 plui-es
1083 1179 1200 1226 judici
1218 1178 1394 1216 formulas
1404 1179 1501 1216 dare.
1521 1180 1568 1216 cf.

943 1245 979 1278 5,
992 1235 1027 1274 6,
1043 1235 1106 1283 69.
1138 1235 1246 1282 Quod
1259 1245 1381 1270 autem
1394 1234 1569 1270 Pithoeus

943 1289 1102 1336 exempli
1131 1289 1212 1324 loeo
1241 1290 1364 1328 affert,
1407 1285 1569 1336 judicem

941 1345 1167 1393 pecuniariae
1207 1345 1327 1379 causae
1359 1343 1404 1378 de
1437 1345 1570 1379 actoris

942 1399 1122 1433 calumnia
1138 1400 1235 1446 poss'e
1251 1399 1504 1446 pronunciare,
1530 1400 1572 1434 in

943 1465 986 1487 eo
1005 1465 1121 1500 neque
1145 1452 1278 1488 multas
1303 1465 1422 1500 neque
1448 1453 1569 1489 diver·

942 1509 992 1543 sas
1015 1507 1190 1542 formulas
1211 1509 1374 1558 agnosco,
1393 1509 1569 1555 quoniam

944 1562 1180 1611 appendicula
1207 1564 1284 1598 fere
1312 1563 1421 1611 ipsius
1450 1565 1570 1599 causae

944 1619 992 1652 est
1011 1618 1104 1652 actio
1123 1617 1333 1653 calumniae.
1371 1619 1430 1654 Ne
1448 1620 1570 1667 priva·

946 1674 993 1707 tis
1014 1673 1164 1720 quidem
1185 1673 1289 1719 judd.
1310 1673 1398 1708 haec
1413 1674 1491 1721 post
1510 1674 1570 1711 ah·
1639 1665 1642 1667 Δ

938 1727 1099 1764 solutum
1124 1740 1228 1762 reum
1249 1728 1294 1763 de
1313 1727 1493 1763 calumnia
1510 1742 1569 1764 co·

940 1783 1059 1834 gnitio
1088 1784 1257 1830 propria,
1288 1783 1366 1819 vid..
1391 1784 1481 1834 Dig.
1499 1790 1567 1831 48.

947 1838 1007 1877 ι6,
1042 1852 1075 1877 1,
1104 1847 1140 1881 5.
1197 1838 1286 1877 Sed,
1321 1848 1364 1873 ut
1390 1838 1492 1878 dixi,
1521 1839 1568 1874 de
1628 1866 1629 1869 η

942 1893 1111 1942 pluribus
1148 1893 1370 1940 diversisque
1409 1894 1571 1942 crimini-

943 1949 1012 1984 bus
1040 1948 1226 1983 interdum
1248 1949 1401 1996 privatis
1421 1949 1568 1995 judiciis
1619 1949 1624 1956 '

942 2004 1046 2039 fuiffe
1065 2004 1300 2051 disceptatum
1313 2028 1322 2042 ‚
1349 2003 1469 2039 noftro
1486 2003 1570 2040 loco

943 2059 1169 2094 manifestum
1190 2059 1352 2094 videtur.

998 2115 1072 2149 Nec
1101 2133 1156 2141 —-
1182 2113 1331 2162 species.
1387 2114 1571 2162 Persequi·
1616 2123 1626 2138 ν’

942 2178 1003 2203 tur
1022 2168 1109 2203 duas
1129 2170 1246 2203 causae
1265 2170 1474 2215 conjunctae
1497 2170 1570 2217 spe-

941 2225 1032 2262 cies,
1062 2233 1134 2258 tam
1156 2223 1267 2258 unius
1290 2224 1430 2274 generis
1457 2236 1568 2271 quam

939 2279 1091 2317 diversa,
1141 2289 1175 2313 et
1205 2277 1379 2313 amolitur
1415 2279 1568 2314 nimiam

939 2333 1129 2369 dividendi
1147 2333 1387 2384 diligentiam,
1406 2346 1452 2368 ne
1471 2334 1566 2369 forte
1602 2343 1605 2347 ’

1223 2401 1315 2435 quae
1352 2389 1564 2436 sequuntur,
1607 2405 1610 2411 ·

939 2389 1021 2435 quis
1059 2389 1166 2427 haec,

940 2444 1091 2479 totidem
1104 2443 1233 2491 species
1245 2442 1443 2478 constituat.
1471 2445 1568 2480 Con.

936 2499 1079 2546 junctio
1098 2511 1158 2533 nec
1177 2498 1364 2532 referenda
1382 2498 1429 2532 est
1449 2498 1492 2532 ad
1510 2513 1566 2533 ac·

939 2553 1100 2601 cusum,-
1129 2565 1212 2587 nam
1234 2565 1326 2600 quae
1354 2552 1565 2600 interposite
1616 2585 1619 2590 .

937 2609 1027 2647 sunt,
1058 2607 1101 2641 ad
1124 2608 1475 2658 argumentationem
1489 2620 1565 2642 nou

935 2664 1130 2710 pertinent.
1171 2665 1288 2709 Quare
1307 2662 1563 2697 diremtionem

936 2718 1186 2752 Gesnerianam
1214 2716 1374 2765 paulum
1394 2717 1562 2751 immuta-

934 2773 994 2807 vi..
1025 2774 1082 2808 De
1102 2773 1281 2808 duntaxat
1313 2771 1358 2808 cf.
1378 2781 1414 2815 5,
1435 2778 1472 2816 8,
1499 2783 1560 2808 1οσ

1654 2777 1656 2808 Ι
