1656 2990
360 163 526 209 INST.
563 163 842 209 ORATOR.
878 163 1000 208 LIB.
1033 162 1131 218 111,
1177 162 1222 206 6.
1377 174 1474 217 503

127 265 605 362 et‚¹praesumtunz‚
683 306 793 355 quo
831 286 1175 354 fignificatur‚
1252 285 1320 335 de
1361 304 1472 352 quo

125 365 316 432 liquet.
431 365 583 416 Idem
629 365 974 416 Theodorus:
1037 365 1133 431 qui
1168 363 1236 414 de
1269 381 1334 414 eo
1374 364 1533 414 An56

123 517 218 554 dum
239 531 287 555 ex
306 519 497 568 prioribus
524 520 599 556 istis
630 519 955 570 perturbatiffimis
984 514 1186 569 οἷπρολη,
1227 528 1271 554 ut
1299 520 1326 553 λ
1355 517 1473 554 fuerit

69 607 70 610 ,
126 587 213 610 cum
233 589 250 611 ν
272 576 478 616 consusum,
509 587 545 612 et
565 577 734 626 deinceps
755 591 775 619 η
798 575 966 612 haustum
988 590 1007 611 a
1027 575 1136 611 [imili
1159 589 1187 615 ν,
1244 574 1396 612 Accedit
1413 575 1470 610 ed.

125 629 240 668 Tarv.
268 637 454 679 (mearum
477 633 745 681 andquiffima,
775 641 861 669 nam
884 634 980 672 Jenf.
1004 632 1152 668 Graecis
1183 631 1330 667 lacunas
1360 630 1469 667 relin-

125 689 227 736 quit)
257 691 304 724 fic
323 689 412 724 dans
442 691 578 725 Graeca
606 690 714 732 haec;
755 693 1093 740 μρολημτικον
1122 699 1158 723 et
1187 702 1212 723 α
1236 691 1472 737 solva-rc-

122 757 214 789 ερον.
269 745 383 783 Vides
407 748 622 796 transposita
644 746 825 783 vocabula
843 757 881 782 et
901 747 1009 795 plane
1028 758 1172 781 novum
1194 741 1473 796 οἷπροληπτικον,

18 803 21 819 ”
78 800 88 806 ”
124 801 230 850 quod
257 814 395 838 verum
423 803 575 851 quidem
600 815 677 838 non
706 803 835 844 credo,
870 804 928 839 sed
951 803 1053 851 quod
1080 803 1235 852 propius
1263 805 1305 837 fit
1334 802 1470 841 nostro,

8 2671 29 2696 ,ι’
36 2661 44 2669 '

123 870 239 907 quam
258 868 419 908 recepto.
473 862 568 899 Jam,
589 873 607 895 a
621 859 802 896 Locatelli
822 859 910 895 inde
935 860 1005 899 ed„
1029 872 1172 898 omnes,
1200 872 1294 907 quos
1315 858 1470 906 quidem

123 915 274 955 norim,
304 915 394 951 libri
422 915 511 951 dant
539 910 663 966 ἄπορον
676 943 688 962 ,
719 917 822 965 quod
843 930 927 952 cum
951 930 970 952 a
988 929 1089 952 mera
1107 918 1190 954 VV.
1212 917 1303 952 DD.
1324 915 1471 950 divina-

91 966 108 1009 s
121 972 230 1010 tione
251 972 465 1021 profectum
487 974 644 1013 credam,
672 987 741 1022 pro
761 987 879 1022 eoque
898 973 1124 1009 vocabulum
1143 973 1294 1008 Lexicis
1319 970 1469 1007 Graecis

122 1027 226 1075 (ante
245 1028 531 1078 Schneiderum)
559 1031 734 1081 ignotum
762 1030 995 1070 invexerim,
1024 1029 1240 1080 diligentius
1273 1029 1470 1077 scripturae

123 1097 227 1120 meae
245 1086 429 1121 rationem
440 1086 592 1122 reddere
606 1087 734 1122 debui.
793 1087 903 1134 Quod
914 1085 1033 1124 Codd.
1056 1085 1158 1121 nulla
1177 1087 1331 1121 affertur
1352 1085 1471 1120 varie-

123 1150 202 1181 tas,
238 1154 318 1177 non
347 1142 492 1191 possum
513 1144 603 1190 quin
634 1143 898 1194 negligentiam
932 1144 1152 1191 interpreter
1184 1142 1471 1180 conferentium,

104 1210 212 1241 >etim
233 1198 444 1247 praesertim
466 1199 566 1237 Voss'.
591 1210 627 1234 2.
659 1209 695 1234 et
716 1199 814 1235 Alm.
836 1213 855 1235 a
875 1199 946 1235 suis
969 1199 1082 1235 Goth.
1111 1209 1147 1234 et
1169 1199 1296 1234 Turic.
1320 1200 1469 1246 prorsus

122 1253 164 1290 11.
184 1253 210 1289 l.
241 1254 394 1290 deficere
421 1268 442 1290 a
469 1255 798 1291 verisimilitudine
820 1261 1047 1307 magnopere
1071 1255 1278 1294 abhorreat,
1313 1265 1349 1290 et
1370 1255 1470 1290 forte

124 1323 276 1351 omnes,
308 1323 403 1360 quos
433 1311 530 1346 mihi
560 1312 667 1347 licuit
697 1312 907 1352 consulere,
955 1314 1120 1348 deserant
1146 1322 1343 1360 receptam.

210 1367 248 1403 id
279 1367 342 1417 est.
400 1368 461 1403 Sic
493 1369 608 1404 Goth.
641 1382 726 1404 cum
758 1370 860 1408 Voff.
884 1379 908 1414 3
940 1374 1014 1415 (an
1035 1369 1117 1416 2¹3)
1147 1379 1184 1403 et
1213 1368 1306 1405 Obr.
1338 1365 1467 1413 (haud

123 1423 238 1460 dubie
259 1437 308 1459 ex
326 1427 594 1475 Argentorat.)
632 1425 730 1462 Alm.
755 1427 849 1462 idem
878 1427 1005 1463 anic.
1031 1426 1096 1464 ide*
1107 1451 1117 1464 ‚
1154 1426 1220 1472 qni
1241 1424 1366 1459 voluit
1388 1436 1471 1458 enn-

124 1481 211 1516 dem
231 1481 446 1529 scripturam
467 1481 564 1521 dare,
596 1481 654 1516 sed
677 1492 835 1530 uterque
854 1482 941 1517 falso
972 1495 1041 1530 pro
1073 1483 1109 1516 id
1129 1481 1178 1530 est
1202 1482 1267 1525 (cf.
1290 1491 1326 1525 5,
1350 1490 1387 1524 5,
1410 1483 1468 1527 4).

123 1538 220 1576 Jens.
244 1536 332 1582 (tac.
352 1538 480 1586 Gesn.)
510 1550 545 1574 et
577 1539 633 1582 (in
655 1551 730 1586 quo
752 1538 842 1574 latet
859 1543 1011 1582 verum)
1042 1550 1126 1573 cnm
1151 1537 1232 1573 cdd.
1258 1547 1340 1572 ante
1365 1534 1470 1585 Basti.

124 1592 301 1630 omnibus
330 1603 475 1642 praeter
504 1594 587 1630 Ald.
619 1595 686 1642 qui
714 1595 876 1643 praefert
907 1609 1000 1645 quo,
1039 1594 1138 1642 quod
1169 1594 1341 1642 deinceps
1363 1593 1472 1628 estin

124 1648 300 1686 omnibus
323 1649 405 1684 edd.
425 1661 570 1698 practer
591 1650 839 1691 Bafileensem,
872 1663 966 1698 quae
986 1665 1032 1686 ex
1053 1652 1261 1696 conjectura
1280 1648 1474 1685 Philandri

123 1705 277 1742 exhibet
307 1707 444 1756 quibus.
512 1709 555 1742 In
588 1707 707 1743 codd.
741 1708 825 1756 ipfis
858 1707 1024 1742 inveniri
1055 1719 1220 1742 errorem
1259 1705 1471 1752 trajiciendi

122 1761 236 1810 hujus
258 1776 340 1812 quo,
369 1764 475 1808 cujus
497 1764 595 1798 infra
616 1763 719 1799 locus
742 1765 790 1799 est
809 1764 887 1813 post
903 1764 1157 1813 praesumtum,
1187 1774 1407 1814 argumento
1423 1762 1471 1796 est

122 1819 248 1855 Guelf.
261 1820 389 1867 inquo
404 1820 452 1854 est
463 1830 626 1869 recepta:
647 1821 714 1855 dic.
728 1834 798 1869 quo
810 1821 893 1856 dub.
906 1835 935 1856 e.
949 1820 1028 1869 p.s.
1053 1823 1172 1868 Quam
1186 1830 1311 1868 aptum
1324 1822 1365 1853 lit
1386 1819 1423 1853 h.
1444 1817 1469 1852 l.

123 1876 164 1912 id
174 1873 226 1924 est
236 1875 326 1910 vide
336 1887 427 1910 mox
440 1877 472 1921 ᾖ.
486 1886 538 1921 55
553 1886 588 1911 et
600 1877 643 1911 ad
657 1887 694 1920 5,
708 1886 744 1920 5,
757 1884 795 1923 4.
963 1876 1083 1925 praes.
1097 1890 1166 1926 quo
1182 1876 1280 1926 fign·
1306 1879 1359 1910 Ita
1374 1874 1470 1912 Obr.

123 1930 225 1967 haud
246 1930 360 1966 dubie
380 1946 426 1968 ex
447 1935 601 1984 Argent.
658 1935 778 1982 Prope
809 1933 948 1969 accedit
980 1932 1080 1969 Alm.
1110 1932 1229 1982 praes.
1261 1933 1361 1983 quid*
1396 1945 1470 1979 ¹8¹¹-

123 1988 250 2023 Etiam
272 1989 430 2036 propius
448 1989 578 2024 Turic.
608 1989 727 2039 praes.
750 1989 847 2039 quod
857 1989 956 2040 fign.
1015 1990 1141 2026 Ceteri
1167 1989 1257 2025 libri
1288 1989 1474 2023 omittunt

125 2056 209 2094 quo.
241 2044 287 2078 cf.
305 2055 388 2080 not.
408 2057 518 2094 prox.
741 2047 841 2081 Idem
858 2047 946 2081 The.
1006 2045 1131 2082 Guelf.
1153 2047 1242 2083 Item
1267 2046 1356 2081 The.
1388 2057 1474 2079 cnm

125 2098 207 2136 Bal.
230 2098 346 2135 Goth.
365 2101 465 2139 Alrn.
497 2105 543 2147 (e
566 2102 693 2138 Turic.
724 2101 780 2138 nil
799 2105 1058 2146 memoratur)
1087 2103 1198 2138 Bern.
1220 2112 1256 2138 et
1274 2101 1356 2137 edd.
1378 2101 1474 2140 Jens.

125 2232 236 2274 stent3
266 2232 468 2281 posterius,
507 2235 609 2282 quod
632 2235 671 2269 in
695 2235 772 2270 ani·
828 2236 886 2271 dit
919 2237 1005 2272 Tac.
1047 2235 1180 2271 Annal.
1217 2240 1287 2283 14,
1328 2234 1404 2281 64,
1435 2242 1472 2276 5-

125 2290 198 2324 mis
226 2289 358 2324 nostris
382 2291 568 2331 versatur,
601 2302 772 2341 propter.
826 2292 1072 2342 praesumtum
1095 2293 1258 2328 habeant.
1307 2291 1399 2325 Inest
1424 2300 1475 2324 ta-

127 2357 243 2394 eaque
263 2355 408 2380 certum
430 2346 490 2382 est.
828 2362 915 2383 men
939 2350 1149 2400 fignificatio
1171 2349 1249 2394 ejus
1276 2348 1474 2396 perstudio->

182 2401 302 2450 praes.
325 2402 370 2436 de
389 2404 554 2452 quoliqu.
589 2404 649 2438 Sic
669 2418 773 2452 prae·
829 2406 909 2444 nis,
940 2419 1032 2452 qnae
1054 2419 1099 2439 ne
1125 2405 1291 2456 indigeat
1316 2403 1471 2451 quidem

122 2455 284 2506 sumtum
302 2456 354 2506 eft
376 2460 542 2506 usurpari
553 2460 692 2512 Digest.
708 2471 776 2500 21,
829 2461 1061 2510 probatione,
1073 2475 1166 2509 quae
1186 2463 1257 2507 jam
1270 2470 1352 2495 ante
1363 2473 1473 2495 even·

134 2527 167 2552 ι,
193 2523 258 2558 57.
287 2526 377 2562 pro:
408 2515 606 2551 verisimile
619 2517 677 2556 est,
701 2529 770 2565 pro
829 2529 910 2553 tum
933 2520 974 2552 lit
998 2519 1038 2552 in
1061 2519 1207 2557 animo,
1246 2519 1337 2552 sicut
1370 2526 1405 2551 et
1432 2518 1471 2550 in

96 2574 98 2577 '
129 2580 322 2618 comperto
343 2570 419 2605 fere
443 2571 511 2611 est,
550 2583 679 2607 monet
699 2576 774 2609 Bu·
830 2576 979 2610 Graecis
1000 2571 1170 2624 προλήψει
1192 2583 1228 2609 et
1248 2573 1369 2618 ἐννοίᾳ.
1413 2573 1468 2609 Ad

127 2625 240 2661 dacus
263 2626 303 2660 in
329 2627 557 2664 Commentt.
581 2632 646 2665 Gr.
666 2632 712 2665 L.
736 2643 772 2677 p.
832 2631 932 2666 Idem
981 2631 1050 2666 effe
1097 2630 1385 2681 intelligendum
1425 2631 1476 2665 tli-

130 2682 208 2726 (ed.
238 2682 344 2718 Bam.
381 2683 516 2728 1556.)
553 2693 646 2730 785.
703 2686 777 2722 Cui
834 2698 938 2725 cunt,
981 2685 1165 2736 sentiunt,
1209 2689 1337 2735 sponte
1372 2700 1477 2735 appa-

133 2738 308 2788 exemplo
329 2739 509 2776 Gesnerus
529 2741 566 2775 in
589 2742 697 2778 Thes.
718 2742 778 2775 ad·
834 2753 903 2777 ret.
