1656 2990
336 186 500 233 INST.
539 185 818 233 ORATOR.
863 187 984 231 LIB.
1016 186 1113 242 ΙΙΙ,
1150 195 1195 240 8.
1344 198 1439 246 593

44 307 68 354 'f
101 312 394 363 Enimvero
426 313 709 379 praecipue
740 310 1176 362 declamatoribus
1209 309 1443 361 confide-

102 389 331 439 randum
349 389 437 449 est,
477 390 610 455 quid
632 391 825 454 cuique
851 387 1100 455 personae
1126 389 1440 438 conveniat?

103 468 200 532 qui
233 466 551 532 pauciffimas
590 465 968 518 controversias
1002 466 1074 514 ita
1109 466 1320 526 dicunt,
1378 476 1441 514 ut

37 572 45 579 =
103 543 345 613 advocati
356 563 370 604 ;
441 546 761 610 plerumque
800 541 899 592 filii
915 581 936 601 ‚,
977 554 1176 609 patres,
1229 543 1439 601 divites,

99 618 273 681 senes,
322 620 517 688 asperi,
566 622 734 679 lenes,
783 622 950 678 avari,
1002 621 1233 686 denique
1260 619 1440 686 super-

100 695 315 756 satiust,
354 697 556 757 timidi,
597 697 878 756 derisores,
918 696 1082 748 fiunt:
1136 708 1194 747 ut
1230 699 1319 746 vix
1352 714 1439 746 co-

99 774 438 826 moediarum
467 777 732 826 actoribus
769 776 948 841 plures
979 775 1191 824 habitus
1223 776 1280 823 in
1316 791 1434 840 pro-

29 902 58 906 ,⁷
98 852 410 902 nunciando
432 853 771 919 concipiendi
791 850 913 910 sint,
957 869 1118 918 quam
1146 853 1229 900 his
1265 853 1322 900 in
1347 850 1441 899 'di-

100 929 286 979 cendo.
366 933 513 998 Quae
543 931 721 980 omnia
743 929 920 979 videri
940 927 1155 995 poss'unt
1183 924 1500 1000 prosopa-52

95 1010 312 1071 poe'ia65
348 1024 477 1072 quas
506 1024 604 1073 ego
622 1006 862 1057 suasoriis
885 1006 1099 1066 subieci,
1140 1007 1265 1071 quia
1287 1006 1443 1054 nullo

99 1084 206 1132 alio
243 1084 305 1132 ab
334 1083 448 1142 his,
496 1101 656 1149 quam
686 1083 930 1150 persona,
980 1083 1185 1133 distant.
1265 1087 1444 1151 Quan-

100 1177 263 1224 quam
298 1161 426 1209 haec
459 1162 745 1226 aliquando
777 1163 936 1210 etiam
977 1163 1035 1209 in
1065 1158 1443 1210 controversias

99 1235 340 1294 ducitur,
382 1253 517 1302 quae
547 1255 609 1306 ex
635 1236 869 1286 historiis
904 1238 1250 1302 compositae,
1291 1237 1443 1285 certis

99 1314 372 1378 agentium
428 1314 741 1363 nominibus
793 1315 1150 1362 continentur.
1246 1314 1440 1377 Neque
1453 1320 1503 1356 55

3 1423 5 1426 ⁴
98 1389 320 1456 ignoro,
358 1391 678 1458 plerumque
708 1392 1093 1441 exercitationis
1123 1391 1287 1456 gratia
1308 1391 1443 1457 poni

185 1581 276 1616 quas
293 1581 362 1616 ego
377 1565 478 1617 suas.
538 1566 662 1604 Guelf.
685 1577 721 1603 et
741 1569 868 1605 Tui-ie.
890 1582 996 1619 quam
1014 1581 1043 1603 e.
1059 1565 1095 1616 s.
1117 1579 1200 1602 cum
1212 1566 1310 1602 Alm.
1327 1566 1442 1603 Goth.

101 1634 137 1660 et
157 1624 238 1660 edd.
257 1626 352 1662 Jens.
375 1634 411 1659 et
432 1626 545 1660 anv.
606 1623 760 1660 Mallem
788 1625 879 1664 hoc,
919 1626 945 1659 fi
965 1637 1056 1659 mox
1087 1624 1172 1659 effet
1203 1623 1335 1672 alifiae,
1374 1636 1444 1672 pro

100 1671 246 1730 distent.
305 1681 406 1716 Tum
437 1682 629 1732 genitivus
656 1683 699 1716 fit
727 1680 1038 1730 prosopopoeiae,
1077 1692 1152 1714 non
1185 1692 1287 1715 nom.
1319 1679 1443 1729 plur„

28 1779 38 1782 ,
99 1737 203 1786 quod
232 1736 344 1788 longe
367 1737 582 1788 elegantius.
648 1741 693 1773 In
723 1748 865 1787 recepta
896 1738 994 1774 enim
1026 1736 1180 1778 debebat
1209 1737 1298 1771 esse:
1341 1738 1443 1787 Quae

101 1807 220 1830 omnes
248 1808 282 1829 v.
310 1808 347 1841 p.
379 1793 477 1842 pros.
640 1840 643 1843 ι
816 1797 918 1830 certis
946 1796 1129 1841 agentium
1163 1807 1255 1829 nom.
1314 1794 1441 1828 Turic.

84 1852 230 1908 ¹certius
251 1853 451 1898 argentium
470 1865 505 1885 n.
563 1849 671 1885 Prius
691 1849 739 1886 est
755 1860 792 1886 et
814 1851 851 1884 in
877 1850 990 1886 Goth.
1019 1851 1114 1887 Jens.
1137 1850 1222 1894 (tac.
1248 1851 1374 1897 Gesn.)
1405 1859 1440 1884 et

100 1906 184 1941 edd.
204 1906 368 1954 (praeter
387 1907 476 1942 Loc.
496 1906 590 1942 Ven.
613 1907 718 1941 Rufe.
740 1907 830 1942 Bad.
856 1908 920 1942 sec.
945 1907 1055 1942 Cerv.
1074 1906 1150 1941 Bas.
1173 1908 1300 1941 Burni.
1324 1907 1437 1954 Capp.

101 1962 208 1998 Gesn.
232 1972 268 1997 et
287 1964 314 1998 fi
333 1975 406 2010 qua
423 1962 627 2007 recentior)
662 1963 755 1997 meis
777 1963 951 1998 omuibus
965 1988 975 2002 ,
1006 1975 1090 1997 cum
1113 1975 1132 1996 e
1158 1962 1313 1999 Vallenfi
1334 1975 1441 1998 revo-

101 2019 243 2053 caverit
266 2018 355 2054 Bad.
383 2017 598 2068 improbans
626 2020 809 2070 Regium,
839 2019 906 2068 qui
927 2019 1091 2053 nostrum
1116 2031 1163 2052 ex
1190 2019 1366 2070 ingenio,
1397 2027 1440 2054 ut

101 2074 266 2114 videtur,
291 2076 514 2123 reposuerat.
573 2075 878 2124 Comparativum
901 2076 1087 2124 superiora
1106 2076 1281 2124 respicere
1303 2077 1355 2110 ait
1378 2077 1443 2110 Ba-

102 2130 199 2166 dius.
264 2131 334 2166 Sed
364 2131 436 2166 hoc
455 2132 503 2167 est
523 2130 655 2170 nihili,
694 2141 731 2167 et
755 2142 854 2167 recte
886 2131 1114 2167 locutionem
1144 2131 1184 2165 in
1212 2144 1292 2166 aere
1322 2131 1442 2166 alieno

102 2188 271 2222 ufitatam
301 2189 403 2224 certis
429 2189 646 2227 nominibus,
683 2201 795 2236 quam
823 2188 978 2223 illustret
998 2187 1122 2223 Bentl.
1148 2188 1192 2222 ad
1218 2190 1310 2223 Hor.
1330 2187 1442 2237 Epist.

105 2252 144 2283 2.
179 2257 214 2283 ι,
248 2251 346 2287 105,
375 2254 562 2293 comparat
581 2246 711 2279 Burm.
769 2245 830 2279 Est
849 2255 974 2279 autem
997 2247 1099 2280 certis
1119 2245 1159 2278 in
1181 2244 1304 2279 Guels.

113 2338 126 2342 ,
190 2300 316 2348 Neque
341 2303 481 2348 ignoro.
539 2303 594 2335 Ita
613 2301 738 2336 Turio.
771 2301 893 2336 Guelf.
926 2301 1039 2337 Goth.
1063 2301 1158 2339 Jens.
1190 2304 1285 2344 (tac.
1310 2301 1444 2344 Gesn.)

106 2350 192 2390 eum
210 2355 292 2391 edd.
323 2357 492 2404 (praeter
509 2357 598 2393 Bad.
620 2357 684 2392 sec.
710 2358 850 2401 Cerv.)
881 2367 964 2392 ante
988 2360 1116 2392 Burm.
1139 2357 1229 2391 meis
1253 2356 1440 2392 omnibus.

64 2458 66 2461 v
105 2411 181 2446 Hic
208 2424 293 2447 cum
324 2411 470 2460 aliquot
497 2413 686 2461 prioribus
717 2414 872 2449 inseruit
904 2418 995 2449 enim
1018 2414 1062 2447 de
1084 2413 1191 2464 Regii
1223 2415 1443 2457 conjectura,

105 2478 338 2515 nequaquam
374 2470 584 2509 necess'aria,
626 2479 667 2503 ut
697 2480 733 2504 et
760 2470 898 2505 Badius
926 2471 1086 2517 judicat,
1118 2469 1185 2516 qui
1216 2470 1444 2517 conjunctio-

59 2523 67 2532 ‘
107 2534 194 2557 nem
216 2536 236 2557 a
257 2523 414 2561 Vallenfi
429 2538 580 2574 quoque
598 2525 714 2565 abeffe
737 2537 871 2562 narrat.
931 2527 1085 2576 Capper.
1110 2535 1146 2562 et
1157 2526 1262 2562 Gesn.
1283 2526 1444 2562 retinue-

105 2588 196 2613 runt
226 2583 330 2616 enim.

165 2717 252 2753 quas
277 2717 347 2752 ego
367 2702 470 2755 suas.
528 2706 605 2742 vid.
636 2715 715 2743 not.
740 2707 833 2744 Crit.

192 2812 195 2814 ,
228 2773 330 2810 Tom.
355 2775 384 2810 I.
914 2777 981 2826 Pp
