1656 2990
131 589 400 636 oratorem,
433 581 514 626 cui
533 575 783 651 curaefit,
829 579 967 644 quod
987 579 1150 636 dicam
1173 582 1358 645 quique
1370 575 1447 651 fit

131 698 217 744 vir
246 692 413 743 bonus.
484 696 614 743 Inde
643 691 735 763 est,
774 697 913 760 quod
935 694 1009 743 ab·
1027 698 1225 760 optimis
1249 693 1449 759 quibus-

129 829 242 875 que,
277 807 400 879 post
421 821 623 860 renatas
648 811 836 870 literas,
869 813 997 862 viris
1014 811 1226 875 plurimi
1237 806 1449 883 semper

115 923 302 995 factas
323 924 443 995 fuit
476 926 554 975 lzic
577 923 833 999 scriptor,
897 931 1012 993 qui,
1068 922 1124 997 fi
1158 930 1270 991 quis
1300 927 1449 984 alius,

128 1039 308 1091 honam
348 1053 559 1091 mentem
591 1043 728 1092 nullo
762 1061 861 1092 non
906 1043 1011 1093 loco
1043 1060 1176 1108 prae
1206 1039 1275 1115 se
1306 1039 1443 1112 fert.

132 1160 376 1208 Videmus
399 1158 644 1208 hominem
659 1188 674 1217 ς
711 1162 853 1209 annis
867 1160 980 1224 jam
1002 1170 1328 1224 provectum,
1362 1176 1445 1207 ac-

127 1277 303 1324 cedere
325 1278 396 1325 ad
413 1271 775 1346 perscribenda
804 1294 893 1335 ea,
940 1295 1074 1342 quae
1108 1293 1304 1344 magna
1335 1291 1446 1323 cum

127 1391 280 1440 laude
303 1394 390 1440 diu
417 1387 673 1463 discipulis
681 1387 798 1463 suis
823 1396 1138 1457 praeiverat.
1212 1390 1447 1441 Plurima

127 1509 206 1556 ine
198 1505 257 1575 fi
281 1511 568 1574 praeceptis
593 1511 851 1577 gravitas,
889 1511 1020 1557 unde
1039 1503 1292 1580 agnoscas
1310 1503 1446 1579 scri-

122 1634 323 1688 ptorem
346 1636 397 1674 et
422 1642 592 1675 rerum
621 1636 871 1674 momenta
894 1637 944 1674 et
967 1625 1219 1674 hominum
1242 1624 1448 1692 ingenia
1504 1658 1507 1661 -

127 1753 408 1805 expertam.
487 1743 682 1807 Neque
711 1752 878 1790 tamen
889 1737 1074 1814 sobria
1104 1739 1228 1788 llaec
1251 1749 1301 1788 et
1321 1734 1450 1810 sub-

125 1867 243 1905 acta
263 1853 505 1927 magistri
518 1858 796 1922 prudentia
816 1875 874 1906 eo
898 1861 1058 1905 minus
1079 1859 1130 1903 in
1153 1855 1448 1903 admiratio·-

124 1990 235 2020 nem
251 1970 572 2043 summorum
596 1983 856 2022 oratorum
864 1967 1006 2043 solet
1029 1969 1198 2035 abripi
1223 1979 1272 2017 et
1293 1967 1448 2032 juve-

125 2089 292 2136 niliter
313 2085 460 2159 quast
490 2084 700 2157 gest—ire.
779 2087 964 2136 Prodit
982 2082 1051 2156 se
1081 2083 1219 2135 nobis
1251 2087 1446 2133 animus

122 2203 324 2268 pulchri
358 2216 410 2254 et
439 2201 634 2272 honesti
671 2213 777 2250 tam
813 2203 1023 2266 cupidus
1061 2213 1117 2250 ut
1154 2201 1291 2267 nullq
1333 2194 1442 2270 zgsu,

126 2321 260 2370 nullo
283 2318 470 2378 labore,
509 2322 736 2383 potuerit
761 2320 834 2369 ad
856 2318 1033 2367 horum
1050 2313 1262 2388 sensum
1284 2313 1446 2366 occal-

126 2433 321 2508 lescere.
407 2434 748 2510 Quaecunque
783 2430 1073 2508 offeruntur
1103 2436 1153 2481 in
1172 2427 1444 2504 scriptori-

126 2550 241 2610 bus,
280 2570 404 2618 quos
437 2549 718 2609 tractabat,
769 2553 1016 2620 emegia,
1066 2567 1128 2597 ea
1160 2543 1306 2617 quasi
1337 2556 1444 2594 tzmz

796 2590 831 2620 Ο

128 2668 340 2732 denique
370 2663 708 2738 cognosceret,
743 2670 964 2722 animum
998 2665 1105 2729 ejus
1124 2660 1350 2733 feriunt,
1390 2662 1446 2709 u't
