1656 2990
534 220 990 269 PRAEFATIO.
1390 237 1442 267 Lx

98 348 339 414 „reliqua
394 345 549 398 facile
598 346 917 397 crediderim
966 344 1121 396 fuiss'e
1172 345 1443 414 descripta,

97 438 283 505 „quod
315 456 345 488 a
378 440 580 517 Poggio
601 440 739 488 Flor.
767 466 831 474 --
871 455 901 486 e
926 439 1206 487 Germania
1226 439 1445 487 allatum

94 526 275 588 „minc
298 531 360 579 in
381 527 878 596 magnificentissima
905 530 1181 578 Laurentii
1213 529 1442 580 Medicis

95 620 452 679 „bibliotheca
476 618 782 687 spectatur.“
856 620 1005 668 Idem
1034 620 1099 669 ad
1122 622 1295 686 prima
1325 636 1445 667 ver-

95 708 164 759 ba
195 710 459 777 Epistolae
486 710 553 759 ad
586 710 939 777 Tryphonem
968 709 1155 759 similia
1187 709 1299 759 fere
1327 728 1445 760 mo-

96 811 216 858 net,
276 801 377 849 ubi
422 799 555 859 „fic“
599 801 779 866 inquit
802 839 806 842 .
829 802 921 859 „in
966 799 1304 850 vetustiffimo
1343 802 1442 849 illo

98 892 419 956 „exemplari
451 890 601 955 quod
634 907 663 938 a
687 892 888 955 Poggio
918 873 1232 940 Florentino
1266 907 1294 938 e
1317 893 1445 939 Ger-

96 982 305 1039 „mania
336 981 470 1029 olim
500 979 607 1028 fuit
638 979 883 1037 allatum,
929 997 1109 1045 nuper
1143 983 1445 1029 Florentiae

95 1070 284 1135 ‚,legi.“
397 1071 500 1119 Hic
550 1087 618 1119 an
665 1086 735 1118 ne
780 1070 1018 1118 voluerit
1070 1070 1293 1136 quidem
1346 1069 1445 1119 nist

94 1158 474 1226 transcriptum
529 1178 558 1208 a
611 1161 813 1226 Poggio
882 1162 1190 1226 exemplum
1247 1159 1444 1226 fignifi-

96 1266 237 1309 care,
272 1251 364 1301 vel
395 1251 725 1317 arclietypon
752 1248 883 1299 falso
917 1250 1249 1309 existimarit,
1293 1252 1444 1316 equi-

97 1339 223 1391 dem
257 1359 370 1392 non
409 1341 650 1391 dixerim.
760 1342 933 1391 Etiam
975 1344 1159 1391 Petrus
1204 1343 1444 1392 Crinitus

96 1431 165 1481 de
202 1430 422 1481 honesta
455 1430 733 1498 disciplina
772 1445 863 1490 13,
908 1447 935 1479 2
1002 1432 1261 1481 Codicem
1297 1433 1445 1481 hunc

96 1538 129 1570 a
153 1523 355 1588 Poggio
389 1521 673 1572 advectum
708 1520 823 1586 (sed
852 1539 882 1570 e
915 1523 1099 1580 Gallia,
1137 1519 1293 1591 falso)
1325 1540 1445 1571 nar-

96 1623 189 1662 rat.
297 1611 411 1681 Ipse
451 1623 628 1663 autem
667 1613 948 1678 aliquoties
990 1613 1148 1662 initio
1192 1624 1446 1664 notarum

95 1682 340 1753 mearum
370 1705 702 1770 Poggianum
743 1703 1009 1768 appellavi
1046 1703 1192 1751 hunc
1225 1704 1444 1760 librum,

98 1810 225 1843 cum
254 1791 364 1851 ista,
403 1804 623 1859 propter
644 1792 991 1842 Turicensem
1022 1792 1280 1843 Codicem
1308 1805 1446 1850 nata,

99 1882 364 1933 dubitatio
387 1885 446 1932 in
473 1893 710 1931 mentem
732 1882 980 1931 nondum
999 1881 1231 1932 venisset.
1290 1885 1447 1932 Certe

101 1973 194 2022 vel
218 1973 412 2038 absque
442 1973 752 2023 Mabillonii
783 1971 1087 2022 testimonio
1117 1970 1321 2030 sufflet,
1355 1989 1448 2021 ve-

103 2061 394 2112 rofimilius
440 2073 550 2111 erat
595 2061 851 2113 Codicem
890 2061 958 2110 ab
995 2063 1196 2111 Abbate
1234 2063 1447 2128 Sangal-

103 2149 234 2201 lenfi
278 2149 576 2202 conceffum
614 2153 814 2218 Poggio
853 2149 951 2200 effe
982 2155 1165 2218 potius
1204 2153 1447 2202 transcri-

101 2241 346 2292 bendum
394 2258 555 2307 quam
599 2241 988 2308 asportandum.
1106 2246 1172 2292 Et
1217 2244 1282 2292 de
1320 2261 1448 2309 apo-

102 2331 306 2398 grapho
335 2330 553 2382 testatur
579 2330 690 2398 ipse
708 2333 939 2399 Poggius
978 2332 1118 2395 (vid.
1146 2333 1292 2382 Fabr.
1315 2334 1444 2382 bibl.

101 2422 188 2493 lat.
212 2425 335 2472 Ern.
375 2440 426 2488 p.
455 2424 604 2488 260.)
645 2420 795 2471 ficuti
833 2432 1020 2472 monet
1056 2425 1214 2471 etiam
1254 2423 1448 2472 Bandi-

101 2512 242 2562 nius.
321 2512 604 2582 Quidquid
633 2513 691 2562 id
724 2512 797 2561 est
836 2512 904 2560 de
941 2514 1305 2563 Menaechmis
1339 2515 1447 2563 illis

104 2601 371 2652 Codicum
407 2601 845 2668 Smgalleufium,
894 2613 1186 2668 utrumque
1225 2606 1455 2654 veterri-

104 2681 265 2746 mum*
304 2689 402 2740 effe
449 2693 588 2741 mihi
635 2694 791 2758 plane
840 2691 1146 2758 persuadeo.
1250 2696 1447 2759 Neque

894 2782 929 2830 d
976 2799 1001 2830 2
