1656 2990
283 278 377 337 596
602 276 675 319 M.
711 277 842 319 FAB.
877 275 1262 335 QUINTILANI

282 416 459 447 caecus
482 399 678 462 Appius
703 407 753 445 et
778 397 998 446 Clodius
1031 395 1212 454 frater,
1251 396 1342 446 ille
1365 397 1423 445 in
1450 397 1590 446 casti-

1614 0 1646 95 ›23⁸⁴OE

286 476 576 539 gationem,
615 473 702 520 hic
727 474 784 519 in
818 472 1169 520 hortationem
1192 488 1430 520 amorum
1454 463 1591 521 com}
1623 499 1627 502 -

224 548 508 615 55politus‚
555 549 853 612 alloquitur.
932 548 1109 596 Solent
1145 549 1201 595 in
1241 546 1428 596 scholis
1467 545 1634 612 fingi

283 625 526 674 materiae
563 623 628 670 ad
665 622 1057 671 deliberandum
1093 621 1595 671 [imiliorescontro-

284 698 477 757 vei-fiis,
516 709 567 746 et
599 715 660 746 ex
692 709 918 762 utroque
948 714 1134 762 genere
1165 699 1496 746 commixtae:
1538 708 1596 746 ut

287 792 409 824 cum
433 774 572 840 apud.
608 775 663 823 C.
692 773 956 824 Caesarem
992 771 1298 822 consultatio
1333 773 1400 821 de
1428 789 1598 838 poena
1633 826 1634 832 ἵ

372 938 606 974 hortationem
625 948 791 972 amorum.
846 935 968 972 Guelf.
996 935 1030 970 h.
1051 939 1183 972 mosum
1202 948 1284 971 cum
1303 933 1417 972 Goth.
1438 933 1538 972 Vols.
1561 942 1598 969 2.

289 992 446 1031 Vallenf.
468 993 561 1038 (ref.
595 992 732 1036 Badio)
764 991 819 1026 ed.
848 991 934 1026 Bad.
963 1003 1019 1038 pr.
1077 992 1144 1026 Sed
1169 991 1292 1026 Turic.
1317 993 1508 1026 orationem
1528 1003 1599 1024 mo·
1633 1013 1636 1019 -

290 1062 366 1083 rum
396 1061 478 1082 cum
501 1047 596 1083 Alm.
617 1046 692 1083 Bal.
715 1047 813 1082 Vols.
840 1059 870 1080 1.
902 1046 1013 1080 Andr.
1038 1047 1131 1084 Jens.
1160 1047 1292 1085 Tarm,
1323 1057 1397 1092 quo
1422 1057 1492 1079 acc.
1516 1044 1596 1079 Ald.

289 1114 455 1150 utraque.
512 1105 615 1137 Hanc
632 1102 843 1150 scripturam
872 1101 1061 1135 inveniens
1080 1101 1216 1151 Regius
1248 1100 1407 1135 correxit
1433 1109 1501 1134 rat.
1530 1113 1599 1133 am.

288 1161 391 1205 quod
411 1158 458 1192 eft
476 1158 515 1191 in
536 1159 623 1192 Loc.
645 1159 735 1194 Ven.
757 1157 861 1191 Rufe.
885 1155 973 1190 Bad.
994 1158 1055 1190 sec.
1078 1165 1114 1190 et
1133 1155 1284 1203 reliquis
1305 1156 1394 1190 meis
1417 1153 1600 1192 omnibus,

289 1223 431 1261 praeter
462 1213 604 1260 Gryph.
636 1212 701 1259 qui
732 1211 840 1246 habet
870 1211 1048 1250 nostram,
1082 1223 1164 1244 cum
1194 1210 1316 1262 Steph.
1356 1208 1476 1245 Colin.
1541 1207 1599 1243 Ad

290 1269 383 1302 hanc
404 1269 570 1302 omnium
595 1267 711 1303 codd.
732 1267 891 1300 maxime
910 1266 1044 1300 accedit
1066 1268 1188 1299 Ioann.
1209 1265 1433 1313 praeferens:
1471 1266 1602 1299 oratio·

290 1337 366 1357 nem
386 1335 567 1361 amorum‚·
596 1323 632 1355 in
654 1333 728 1367 qno
750 1330 869 1354 tamen
890 1318 999 1354 latere
1022 1329 1112 1367 puto
1136 1321 1290 1354 nostram
1309 1320 1432 1367 ipsam.
1464 1318 1602 1354 Oramli

290 1378 389 1411 enim
418 1387 454 1411 et
484 1377 648 1411 hortandi
677 1375 787 1410 verba
818 1374 1009 1421 saepissirne
1040 1374 1315 1409 confunduntur
1343 1374 1383 1408 in
1411 1375 1513 1408 MSS.
1554 1373 1599 1406 cf.

290 1431 476 1467 Drakenb.
497 1431 539 1465 ad
561 1431 646 1465 Liv.
669 1438 706 1475 4,
739 1437 801 1473 58.
838 1443 868 1463 1.
927 1430 1033 1478 Regii
1063 1439 1098 1462 et
1122 1429 1365 1463 recentiorum
1393 1423 1601 1463 constitutio

293 1500 337 1521 an
359 1489 400 1521 fit
419 1488 458 1520 in
480 1485 607 1524 Bodh,
637 1487 698 1518 etii
727 1484 849 1518 siletur
879 1484 929 1522 is,
959 1483 1119 1517 ‹iuba-«ri
1139 1484 1215 1518 sane
1231 1483 1356 1531 potest.
1413 1482 1562 1519 InVoff.
1579 1491 1601 1525 3

294 1544 463 1576 rationem
494 1554 626 1575 morum
654 1539 718 1573 effe
753 1539 936 1573 docemur.
1004 1543 1172 1573 Amorum
1198 1538 1429 1572 necessarium
1458 1538 1603 1584 prorsus

292 1609 362 1645 pro
381 1609 513 1631 morum
532 1596 570 1628 in
593 1605 666 1628 uno
687 1603 840 1632 tantum,
872 1603 914 1627 ut
937 1593 1028 1630 dixi,
1056 1594 1102 1627 est
1124 1593 1215 1628 Cod.
1238 1593 1304 1629 nifi
1323 1593 1418 1627 forte
1437 1593 1477 1627 in
1498 1591 1604 1627 Bodl.

295 1663 442 1715 quoque
473 1660 508 1685 et
530 1651 681 1700 Argent.
739 1648 806 1683 Sed
834 1658 909 1682 exat
938 1648 1113 1695 proclivis
1141 1660 1255 1682 err.or
1317 1649 1492 1683 Gesnerus
1523 1659 1607 1681 con-

295 1707 376 1753 jicit
399 1720 434 1740 m
457 1716 668 1740 curatzonem
688 1717 864 1742 amorum,
894 1715 967 1737 non
990 1703 1137 1749 quidem
1159 1703 1368 1741 necessario,
1399 1713 1441 1737 ut
1461 1703 1604 1749 opinor.

294 1764 406 1797 Pecte
431 1761 607 1798 Badius,
610 1759 818 1798 ‚Hortatio“
847 1758 896 1792 ait
925 1759 1128 1797 „contraria
1155 1759 1202 1792 est
1231 1749 1607 1808 castigationi3u11de

295 1828 398 1855 „eam
427 1815 621 1849 lectionem
661 1821 825 1848 teneam.‘
923 1813 1028 1860 Quod
1060 1811 1167 1860 paulo
1201 1823 1283 1847 ante
1323 1813 1417 1847 inter
1448 1813 1542 1847 coel.
1572 1819 1628 1846 et*

299 1871 400 1906 Clod.
430 1871 598 1904 inseritur
628 1872 662 1904 in
688 1882 706 1903 a
738 1868 852 1904 codd.
881 1869 972 1902 meis
1003 1868 1144 1906 tribus,
1186 1877 1222 1902 et
1246 1868 1344 1906 Voss.
1375 1877 1410 1902 2.
1433 1877 1468 1911 5.
1497 1869 1604 1902 Bern.

296 1926 387 1960 item
418 1925 497 1960 edd.
529 1934 609 1958 ante
631 1923 772 1971 Gryph.
803 1923 998 1962 omnibus,
1027 1936 1108 1957 eum
1139 1935 1297 1957 errorem
1323 1932 1415 1970 puto
1442 1921 1608 1957 librario-

298 1993 384 2014 rum
415 1980 458 2014 nd
488 1979 603 2018 illud,
644 1979 742 2026 quod
773 1977 939 2028 longiore
966 1977 1162 2012 intervallo
1191 1975 1368 2016 infertur,
1406 1977 1607 2024 alloquitur,

298 2048 375 2069 non
394 2035 684 2082 respicientium,
711 2046 826 2080 neque
846 2033 1018 2084 religioni
1038 2033 1130 2067 duxi
1147 2045 1231 2068 cum
1254 2031 1518 2068 recentioribus
1546 2031 1625 2078 eiii

299 2103 377 2126 cere
406 2091 657 2138 importunam
675 2088 857 2124 voculam.

380 2146 500 2180 Solent
527 2147 573 2179 ὶη.
631 2143 756 2178 Turio.
788 2143 982 2182 Sollennis,
1026 2142 1106 2177 ratis
1135 2141 1294 2189 proclivi
1319 2153 1461 2180 errore,
1509 2140 1607 2175 unde

297 2209 445 2247 apparet
474 2199 563 2246 quid
595 2198 659 2233 fibi
686 2198 777 2233 velit
803 2199 1007 2244 portentosa
1039 2196 1132 2243 apud
1153 2199 1280 2232 Burm.
1306 2194 1634 2250 ‘Almel-oveniani*

298 2256 474 2304 scriptura
502 2255 721 2301 Solempniis.
777 2253 903 2287 Simile
927 2253 1016 2300 quid
1038 2252 1136 2291 Voss'.
1165 2265 1198 2286 1.

298 2398 464 2433 hortandi
488 2398 636 2446 propria
664 2396 836 2444 potestas,
873 2405 927 2435 ut,
983 2396 1023 2430 in
1062 2393 1226 2429 oratione
1261 2391 1471 2442 exemplum
1503 2393 1606 2427 affert

299 2454 364 2500 qui
387 2453 540 2488 alterum
569 2453 613 2486 ad
643 2452 846 2486 faciendum
876 2452 929 2484 in·
983 2451 1182 2492 Priscianus
1205 2449 1244 2482 in
1264 2448 1607 2496 praeexercitamen-

301 2509 407 2546 citat‚
446 2508 477 2542 is
500 2509 633 2542 hortari
660 2519 742 2541 eum
773 2506 926 2540 dicatur.
983 2506 1029 2539 tis
1050 2504 1144 2552 apud
1169 2503 1360 2538 Pithoeum
1378 2515 1416 2552 p.
1435 2512 1526 2550 529.
1548 2514 1604 2550 ap.

300 2564 359 2596 Sic
378 2563 481 2612 Virg.
502 2564 593 2597 Aen.
618 2562 654 2600 6,
684 2571 762 2607 529
801 2562 927 2595 Horta·
981 2559 1262 2605 Putsch.154o.

300 2627 355 2651 tor
378 2616 572 2664 fideman,
599 2629 673 2663 quo
691 2616 926 2650 τοι-1611111111·
1036 2628 1152 2660 poena
1179 2615 1214 2648 Γ
1212 2613 1386 2648 headan
1422 2609 1603 2650 Plutaich.

279 2671 469 2706 Barthius
490 2671 532 2706 ad
552 2673 638 2718 Stat.
651 2670 765 2705 Theb.
781 2679 816 2712 5,
839 2679 922 2713 103.
979 2683 1015 2717 p.
1039 2670 1128 2705 660.
1158 2670 1198 2703 C.
1227 2669 1277 2703 D.
1317 2669 1443 2714 Pomp.
1483 2660 1606 2701 Θεόδο-

295 2726 353 2761 Sic
383 2735 419 2760 et
441 2738 542 2760 canes
573 2726 755 2769 hortamur
775 2736 921 2760 venato·
977 2738 1032 2759 τος
1062 2719 1098 2758 δὲ
1127 2723 1260 2766 (Χιος,
1285 2719 1346 2756 ἐπὶ
1363 2719 1484 2767 μισθῷ
1507 2722 1605 2770 ῥητο·

293 2792 361 2816 res.
399 2783 481 2816 Hoc
501 2781 619 2829 ipsum
637 2782 922 2829 prosopopoeiae
971 2793 1071 2829 ρικων
1091 2776 1201 2826 λόγων
1221 2772 1429 2813 διδάσκαλος
1456 2789 1518 2812 ταν
1536 2776 1602 2818 βοι-
