1656 2990
504 221 959 282 PRAEFATIO.
1199 232 1203 237 ’
1237 245 1400 278 max

170 378 215 411 1,
255 376 337 410 ιο,
375 372 421 403 2.
459 360 631 424 studia.
700 361 897 402 Debebat
931 361 1118 415 proponi
1156 363 1400 412 conjectura

59 431 224 473 Klotzii
238 429 444 472 leniffima
463 440 506 470 et
524 444 628 484 quae
648 430 929 470 vehementer
945 430 1202 468 blandiatur:
1223 427 1399 491 stadia,

59 498 202 541 nescio
220 513 273 540 an
292 513 405 540 vera.
477 500 610 539 Recte
636 507 782 538 auctor
800 511 852 538 eo
872 499 968 538 loco
986 497 1063 536 ubi
1081 496 1225 537 suadet
1255 509 1400 537 emen-

60 567 282 608 dationem
310 569 384 619 (in
413 567 515 607 edit.
544 568 718 619 Tyrtaei
752 567 893 621 1767.
935 580 978 619 p.
1014 563 1119 620 71.)
1152 565 1318 619 ablegat
1347 564 1402 603 ad.

53 626 323 676 *Broukhufii
340 644 490 676 notam
506 635 700 688 Propert.
726 644 767 686 3,
793 645 868 680 20,
895 642 971 684 25,
1002 634 1071 673 cui
1095 643 1138 674 et
1167 633 1243 687 ipfi
1261 632 1402 672 reddi-

59 703 126 743 dit
149 703 220 761 hio
235 702 420 764 stadiis,
462 716 539 756 pro
560 702 744 763 studiis,
791 716 890 742 cum
922 703 1075 741 idonea
1102 701 1402 754 exemplorum

60 771 324 811 auctoritate.
395 772 477 811 Sed
501 770 915 817 locum-Ciceronis,
950 771 1023 823 qui
1043 782 1176 823 paene
1207 769 1403 809 conficiat

60 851 153 879 rem
182 838 335 884 habes,
371 839 436 878 De
461 838 534 878 Or.
564 852 603 884 1,
637 848 697 890 52
720 849 824 878 extr.
865 839 924 885 „ii
942 839 1015 891 qui
1041 837 1335 890 ingrediuntur
1354 837 1402 875 in

59 905 305 967 ,stadiunz“
323 906 397 945 ubi
419 915 516 945 ante
528 906 788 945 Lambinum
807 906 1025 961 legebatur
1033 904 1082 965 si
1088 905 1245 946 adium.
1292 904 1403 943 Vide

62 987 116 1014 an
137 974 262 1027 paulo
282 983 379 1014 ante
400 973 465 1011 De
493 972 568 1014 Or.
602 987 639 1019 1,
680 983 740 1025 50
764 982 871 1013 extr.
893 983 1007 1012 recte
1029 982 1197 1013 mutem
1228 973 1304 1020 „in
1324 971 1402 1011 isto

59 1040 276 1102 ,stadi0.“
345 1041 520 1093 Aliquot
543 1041 736 1091 ejusdem
757 1039 1017 1080 confufionis
1040 1041 1232 1094 exempla
1258 1053 1281 1079 e
1308 1038 1402 1079 scri-

14 1121 18 1123 *
58 1108 256 1164 ptoribus
283 1108 558 1148 ecclefiasticis
596 1108 717 1148 affert
751 1109 962 1148 Morelius
996 1110 1042 1147 in
1077 1109 1312 1154 „Idomene
1348 1108 1403 1147 de

57 1176 313 1234 ,‚Critique“
346 1190 389 1231 p.
414 1183 492 1227 8¹·
529 1176 579 1228 (ὲ
600 1177 715 1216 Paris
743 1178 883 1227 1766.
919 1178 992 1228 8.)

168 1267 206 1301 ι,
234 1268 307 1302 10,
331 1261 376 1310 4.
413 1255 528 1310 quod
547 1264 588 1295 et
602 1256 675 1296 M.
702 1255 862 1297 Cicero.
921 1255 973 1296 cf.
991 1255 1041 1295 ad
1063 1262 1155 1295 not.
1179 1253 1250 1295 Cr.
1274 1255 1405 1294 etiam

63 1331 106 1376 5,
143 1330 188 1374 8,
226 1328 306 1376 42.
342 1333 385 1364 et
417 1332 458 1377 3,
500 1337 571 1370 11,
611 1333 667 1375 1ss
699 1324 776 1364 ubi
806 1337 884 1379 pro
915 1326 1076 1373 „etiam
1097 1323 1220 1364 Cic.“
1255 1323 1403 1364 Turic.

56 1399 131 1439 „et
153 1390 277 1432 Cic.“

170 1486 208 1519 ι,
234 1485 307 1518 10,
333 1484 408 1514 20.
447 1470 609 1512 hahent
625 1487 806 1514 carmen.
845 1473 966 1515 Adde
988 1473 1038 1513 ad
1059 1480 1152 1512 not.
1167 1481 1311 1524 exeg.:
1351 1466 1403 1510 cf.

60 1541 99 1593 §.
126 1550 201 1592 3-2·
231 1539 383 1586 „suum
403 1542 619 1593 quoddam
640 1548 835 1580 carmen“
857 1556 941 1597 quo
963 1544 1009 1583 fit
1031 1542 1137 1581 item
1159 1538 1404 1591 verifimile,

58 1622 226 1648 carmen
252 1609 334 1666 dici
357 1621 435 1662 pro
456 1609 594 1648 modis
615 1607 799 1669 mrsficis.

170 1694 207 1726 1,
237 1693 308 1726 10,
333 1691 411 1733 29.
446 1679 561 1742 Acsz
581 1682 690 1735 quis.
759 1685 822 1722 Ac
842 1693 920 1736 pro
945 1690 1018 1728 at„
1044 1679 1161 1734 quod
1180 1678 1307 1720 malle
1330 1689 1403 1717 me

61 1748 151 1788 dixi
171 1749 215 1787 in
235 1757 328 1789 not.
351 1762 470 1804 exeg.
485 1778 496 1795 ‚
534 1748 669 1802 ipsum
693 1749 764 1788 dat
783 1750 928 1788 Turic.

171 1833 208 1865 1,
238 1832 309 1864 10,
336 1829 413 1871 57.
452 1821 555 1862 Jam
575 1820 771 1873 primum.
845 1820 949 1862 Non
969 1818 1081 1860 solus
1103 1816 1244 1860 Guelf.
1269 1816 1339 1858 sed
1362 1825 1406 1857 et

59 1887 100 1927 T
102 1887 206 1927 uric.
235 1887 355 1927 Nam
380 1901 447 1940 pr.

171 1982 210 2014 1,
248 1981 320 2014 10,
355 1975 432 2020 38.
471 1969 797 2030 Ύραμμικαὶ
834 1959 990 2012 dvo&
1058 1967 1124 2007 Ad
1154 1966 1407 2007 firmandam

60 2035 173 2075 hanc
202 2034 445 2090 scripturam
467 2035 566 2076 facit
585 2038 713 2077 etiam
742 2039 780 2088 §.
806 2045 886 2092 49.
923 2036 999 2075 ubi
1023 2036 1232 2082 „lineares
1255 2034 1407 2089 proba·

62 2103 280 2150 „tiones.“

176 2184 214 2216 1,
242 2182 316 2221 10,
339 2175 419 2224 48.
460 2170 560 2210 Sine
579 2179 718 2213 extra.
769 2173 836 2212 Ad
860 2180 952 2212 not.
977 2171 1047 2212 Cr.
1084 2169 1135 2211 cf.
1159 2182 1200 2224 3,
1230 2183 1246 2208 1
1265 2183 1301 2215 1,
1328 2176 1406 2218 25.

176 2252 214 2284 1,
242 2252 259 2278 1
278 2253 314 2284 1,
337 2247 378 2290 5.
414 2238 460 2278 in
483 2239 562 2280 his.
621 2240 691 2298 Ad
710 2249 802 2280 not.
826 2240 925 2280 Cr.:
959 2240 1154 2280 Pertinet
1180 2239 1284 2277 haec
1306 2246 1410 2277 nota

67 2306 118 2346 ad
138 2305 180 2345 id
203 2308 318 2360 quod
347 2305 532 2360 sequitur
555 2308 600 2346 in
621 2308 689 2347 his
712 2309 913 2349 doctoris.
984 2308 1052 2347 De
1078 2306 1209 2346 Goth.
1238 2314 1280 2344 et
1300 2303 1407 2344 Jens.

67 2373 266 2414 dantibus
287 2374 415 2433 Izzgjus
435 2374 477 2415 d.
505 2377 635 2415 tacuit
655 2375 779 2417 Gesn.
852 2375 998 2417 Turic.
1025 2389 1114 2414 non
1135 2382 1412 2418 memoratur,

66 2440 133 2481 sed
149 2442 261 2482 Alm.
283 2442 410 2500 hujus
427 2441 470 2482 d.
545 2444 688 2483 Etiam
710 2444 803 2498 post
823 2445 983 2484 Aldum
1002 2443 1102 2483 dant
1123 2455 1299 2496 pravam
1321 2440 1412 2481 scri·

63 2517 232 2563 pturam
252 2510 355 2560 Bad.
383 2510 511 2552 Cerv.

175 2596 222 2638 s,
258 2604 332 2638 11,
370 2598 442 2646 ¹4·
478 2593 847 2645 pronunciatione.
920 2591 1042 2631 Adde
1071 2591 1124 2631 ad
1156 2600 1249 2632 not.
1282 2580 1413 2632 Crit.:

69 2657 154 2697 Sed
182 2657 369 2699 obvertit
400 2660 688 2699 Buttmannus
715 2659 839 2701 usum
867 2660 998 2698 nimis
1025 2659 1286 2699 hodiernum
1315 2673 1415 2698 con-

69 2726 302 2775 junctionis
330 2736 372 2766 et
396 2729 442 2767 in
471 2728 605 2768 tribus
633 2728 913 2769 nominandis
941 2729 1053 2780 (quo
1084 2729 1264 2769 nomine
1297 2728 1416 2767 idem
