1656 2990
306 215 394 258 232
608 207 680 252 M.
717 208 847 252 FAB.
885 207 1292 268 QUINTILIANI

299 327 528 383 volucer,
568 339 618 375 et
625 324 843 398 sagittis
866 346 926 376 ac
940 325 1072 395 face
1101 332 1366 377 armatus?
1393 339 1445 378 et
1464 328 1624 397 *fimi--

298 403 381 449 lia.
423 404 480 449 in
504 404 696 465 quibus
718 402 1069 450 scrutabamur
1090 404 1430 462 voluntatem,
1457 409 1605 464 cuius

297 478 355 524 in
391 477 749 526 controversiis
785 477 1029 542 frequens
1063 476 1290 542 quaestio
1326 467 1421 527 est:
1461 479 1607 544 quod

242 564 463 615 27genus
495 552 664 600 chriae
694 553 865 600 videri
897 553 1072 617 potest.
1147 555 1284 601 Nam
1316 554 1458 602 locos
1490 555 1607 617 qui-

260 646 264 650 *
299 626 446 682 dem,
494 629 669 690 quales
701 627 820 675 sunt
850 628 914 675 de
946 627 1180 684 testibus,
1220 623 1490 697 semperne
1533 627 1607 676 lzis

298 703 634 749 credendum?
694 714 744 750 et
783 703 847 750 de
890 704 1229 766 argumentis,
1277 721 1344 750 an
1377 701 1619 750 habenda

297 779 448 823 etiam
482 781 664 838 parvis
688 777 863 847 fides?
916 778 1042 826 adeo
1075 776 1406 826 manifestum
1443 777 1513 825 est
1541 778 1618 827 ad.

296 850 522 900 forenses
556 855 779 902 actiones
813 855 1099 938 Imminere,
1147 863 1207 901 ut
1222 853 1475 915 quidam,
1507 869 1604 900 nec

295 928 553 990 ignobiles
593 929 650 975 in
694 928 872 977 officiis
919 931 1000 975 civ
1006 929 1186 984 ilibus,
1242 927 1454 992 sciiptos
1502 945 1605 984 eos,

295 1005 682 1066 memoriaeque
739 1002 1113 1068 diligentiffime
1180 1003 1473 1059 mandatos,
1546 1005 1604 1050 in

295 1088 521 1141 promtu
537 1079 839 1135 habuerint,
887 1090 968 1135 ut,
1016 1079 1219 1142 quoties
1251 1076 1368 1125 effet
1396 1077 1604 1134 occasso,

295 1155 663 1216 extemporales
696 1171 879 1202 eorum
914 1153 1164 1202 dictiones
1197 1154 1278 1200 his
1315 1154 1462 1207 velut
1497 1169 1604 1200 em-

234 1228 529 1277 zablenmis
553 1240 934 1277 exornarentur.
1016 1233 1133 1294 Quo
1154 1227 1370 1291 quidem
1398 1229 1421 1289 ζ
1430 1244 1601 1292 neque

293 1304 435 1350 enim
456 1307 564 1359 ejus
590 1305 666 1351 rei
686 1304 942 1364 judicium
965 1301 1172 1350 differre
1194 1301 1602 1360 sustinemsum-

291 1394 427 1424 mam
454 1378 766 1426 videbantur
790 1380 923 1426 mihi
946 1377 1292 1425 infirmitatem
1322 1377 1386 1423 de
1410 1376 1459 1423 se
1480 1394 1602 1425 con-

290 1451 438 1499 fiteri.
517 1456 655 1501 Nam
676 1454 806 1517 quid
825 1455 881 1500 hi
901 1453 1080 1517 pollint
1103 1452 1352 1508 'in-causis,
1379 1463 1603 1515 quarum

289 1529 431 1574 varia
459 1545 514 1574 ac
536 1545 671 1576 nova
695 1528 893 1593 semper
916 1527 984 1574 est
1009 1527 1186 1584 facies,
1223 1528 1497 1591 proprium
1521 1529 1603 1574 in-
1647 1533 1656 1541 ”

291 1604 506 1649 venire?
547 1603 816 1666 quomodo
843 1602 1111 1667 propositis
1141 1620 1201 1649 ex
1234 1613 1374 1666 parte
1402 1601 1603 1651 diversa

290 1675 633 1741 respondere?
687 1679 1099 1726 altercationibus
1131 1678 1382 1724 velociter
1419 1693 1599 1724 occur-

289 1755 436 1800 rere?
477 1753 653 1800 testem
686 1755 899 1818 rogare?
937 1755 1042 1816 qui,
1067 1754 1219 1800 etiam
1248 1753 1305 1799 in
1339 1753 1425 1807 iis,
1467 1768 1598 1815 quae

287 1826 406 1876 sunt
428 1831 750 1885 communia,
790 1840 840 1876 et
864 1831 919 1878 in
943 1829 1184 1892 plurimis
1209 1825 1365 1874 caulis
1385 1837 1598 1874 tractan-

285 1913 397 1960 tur,
421 1903 784 1967 vulgatissimos
806 1903 976 1951 sensus
995 1903 1182 1959 verbis,
1207 1901 1302 1950 nisi
1323 1911 1462 1950 tanto
1482 1919 1541 1948 an
1551 1911 1598 1948 te

230 1992 275 2030 29
287 1980 619 2043 praeparatis,
656 1979 901 2044 prosequi
927 1988 1199 2042 nequeant.
1276 1974 1492 2024 Necesse·
1511 1975 1598 2034 est,

295 2145 298 2148 ¹
369 2105 511 2155 Neceffe
539 2105 600 2154 est.
659 2106 780 2142 Guelf.
809 2117 844 2141 et
873 2108 996 2142 Turic.
1021 2107 1094 2142 Nec
1115 2119 1219 2144 vero,
1247 2104 1348 2152 quod
1379 2102 1596 2151 quibusdam

283 2170 466 2210 praeterea
489 2161 603 2197 Codd.
625 2162 807 2196 firmatum
830 2162 966 2209 recepit
988 2161 1102 2200 Obr.,
1129 2160 1245 2198 nullo,
1272 2169 1449 2207 quantum
1473 2158 1595 2197 video,

335 2285 445 2320 genus
465 2273 590 2306 chriae.
619 2273 762 2319 Nempe
774 2275 911 2307 activae
965 2271 1052 2307 vide
1071 2270 1107 2310 6,
1126 2277 1164 2316 4.
1191 2270 1338 2304 Tacitus
1355 2268 1487 2303 Histor.
1500 2273 1538 2314 4,
1557 2277 1593 2308 7·

283 2325 328 2361 cf.
357 2341 387 2365 ι,
409 2339 446 2374 9,
466 2334 503 2372 4.
530 2335 566 2369 5.
967 2337 1087 2360 narrat
1114 2326 1153 2358 iu
1183 2326 1304 2358 senatu
1334 2335 1422 2370 „per
1447 2324 1596 2358 alterca-

338 2395 398 2415 nec
437 2382 619 2428 ignobiles.
687 2380 913 2427 Huiusmodi
966 2383 1120 2420 „tionem
1140 2379 1183 2413 nd
1202 2381 1384 2413 continuas
1397 2387 1432 2411 et
1453 2376 1593 2416 infestas
1631 2397 1635 2401 ·

280 2433 354 2472 'tuit
376 2438 589 2471 Hortensius
613 2435 657 2469 cf.
680 2446 715 2474 2,
743 2449 776 2474 1,
803 2448 863 2470 11.
967 2438 1164 2473 „orationes
1192 2443 1385 2480 provectos
1417 2432 1520 2467 effe.“
1557 2439 1594 2466 et

339 2491 517 2525 dictiones.
547 2491 590 2524 cf.
615 2501 649 2528 2,
678 2501 712 2528 2,
737 2490 772 2525 6.
966 2490 1099 2526 Livius
1130 2495 1175 2533 8,
1208 2497 1271 2532 55,
1312 2501 1357 2522 10
1391 2499 1489 2526 „non
1519 2494 1594 2521 tam

338 2546 493 2593 differre.
521 2540 615 2581 Curn
634 2545 782 2593 proprie
801 2543 913 2590 hujus
968 2554 1182 2591 „perpetuas
1211 2545 1386 2577 orationes
1413 2554 1522 2588 quam
1543 2541 1597 2577 al·

283 2600 448 2634 nondum
473 2602 513 2634 fit
532 2600 606 2634 loci
628 2600 695 2634 tale
721 2600 912 2646 judicium.
968 2601 1216 2639 „cm-sationem
1244 2596 1487 2632 exauditam.·‘

279 2656 330 2692 ns.
354 2655 385 2698 ᾗ.
407 2665 456 2698 52
481 2658 639 2702 evagari.
1025 2650 1168 2703 Neceffe
1189 2670 1242 2680 --
1262 2661 1472 2687 conteratur.
1525 2652 1598 2686 Lo-

339 2710 634 2746 altercau'onibus.
691 2708 822 2757 Quales
845 2710 914 2746 siut
969 2720 1031 2745 cus
1060 2706 1358 2760 elegantiffimus.
1394 2705 1454 2743 [ed
1479 2705 1598 2743 distin-
