1656 2990
301 183 465 229 INST.
504 182 782 229 ORATOR.
819 182 941 228 Lm.
983 183 1069 239 111,
1101 192 1147 241 3.
1300 194 1390 242 59.

59 309 346 369 ceterisve;
385 325 442 358 ac
467 325 582 358 non
614 307 1034 374 uniuscujusque
1067 323 1256 357 eorum
1290 305 1402 358 for·

64 465 205 502 aceedit
231 463 334 504 Voss'.
361 479 395 501 1.
431 466 471 502 C.
505 466 670 516 Tampio.
727 467 820 502 Tur.
841 464 949 500 Bodl.
972 463 1086 500 Andr.
1111 464 1203 502 Obr.
1226 465 1398 501 Domitio.

64 522 161 559 Edd.
199 533 283 558 ante
310 521 416 560 Bafil.
457 534 561 557 meae
589 535 716 558 omnes
751 523 790 558 C.
822 523 982 557 Domitio
1018 521 1130 566 (nam
1162 524 1341 559 Venetam
1372 522 1401 558 C

66 579 240 614 omittere
258 578 346 615 falso
365 582 488 613 narr'at
505 579 633 625 Gibs.)
663 578 766 614 Bafil.
799 579 838 614 C.
860 579 1020 613 Domitio
1038 589 1074 613 ec
1091 578 1227 626 Appio.
1276 576 1400 613 Guelf.

66 627 184 672 Gotfi.
206 633 304 673 Vall.
337 635 545 680 (referente
564 635 709 679 Badio)
742 636 780 670 C.
803 634 948 683 Appio,
977 633 1114 682 quibus
1135 634 1302 669 accedere
1321 646 1402 669 nar-

66 701 170 729 ratur
200 691 300 727 Alm.
330 691 432 740 quod
458 704 606 727 mecum
633 690 892 730 mirabuntur,
947 690 1014 738 qui
1049 690 1170 725 adhuc
1211 692 1400 726 summum

55 747 305 784 attenderunt
326 747 426 783 Alm.
458 757 495 782 et
525 748 651 784 Turic.
683 749 906 783 consensum.
962 747 1062 785 Voff.
1098 756 1121 781 2
1154 759 1230 781 non
1263 759 1402 782 memo-

65 814 170 841 ratur
187 814 224 839 et
245 804 333 839 facit
351 804 449 839 haud
470 803 582 840 dubie
604 817 687 839 cum
699 804 813 839 Goth.
853 804 978 850 Hujus
997 813 1119 838 autem
1142 805 1358 852 scripturam
1381 816 1401 837 a

66 860 239 910 Gryphio
267 860 354 897 inde
382 873 483 896 meae
511 861 723 909 praeferunt
754 873 893 896 omnes.
950 862 1184 896 Burmannus
1205 860 1402 896 Domitium

66 927 206 953 temere
230 917 452 963 ejiciendum
473 918 541 953 effe
558 928 677 968 negat,
706 918 794 964 quia
816 917 945 953 Cicero
970 916 1003 951 ei
1023 916 1202 964 scripserit
1223 915 1402 953 laudatio-

66 987 153 1008 nem
186 973 334 1008 Porciae
365 974 494 1010 uxoris
523 973 587 1011 vel
615 974 752 1008 matris.
822 974 898 1010 Cic.
929 972 974 1007 ad
1002 975 1082 1008 Att.
1121 982 1190 1017 ιδ,
1231 982 1297 1016 57.
1332 979 1400 1019 48.

66 1029 228 1069 Videtur
249 1031 484 1065 Burmannus
511 1030 694 1066 rationem
721 1028 926 1065 Bafileenfis
957 1028 1013 1064 ed.
1042 1028 1198 1077 probare
1225 1042 1297 1076 qua
1325 1029 1403 1063 duo

67 1086 220 1122 nomina
242 1087 544 1138 conjunguntur,
570 1099 680 1134 quam
701 1087 775 1134 ipse
807 1098 981 1134 quoque,
1010 1095 1053 1119 ut
1083 1085 1324 1124 tutissimam,
1355 1086 1405 1120 se-

65 1155 200 1191 querer
218 1143 244 1177 fi
264 1141 362 1178 ullus
382 1142 630 1178 ostenderetur
651 1142 791 1181 Codex,
820 1143 859 1176 in
878 1154 954 1189 quo
975 1142 1071 1176 effet.
1129 1142 1262 1189 Neque
1281 1151 1407 1176 tamen

66 1198 159 1234 locis
191 1198 265 1233 istis
294 1198 339 1233 ad
364 1199 532 1234 Atticum
563 1199 751 1233 manifesto
783 1208 952 1246 apparet,
990 1197 1158 1245 scripfiffe
1186 1199 1405 1234 Ciceronem

65 1254 164 1291 lianc
197 1253 403 1288 orationem
431 1268 451 1289 a
477 1255 652 1290 Domitio
682 1254 1019 1303 pronunciandam,
1066 1254 1264 1300 quoniam,
1318 1267 1406 1289 cum

66 1309 254 1348 Domitio,
282 1311 423 1346 Brutus
444 1323 593 1359 quoque
617 1319 855 1350 memoratur,
880 1311 941 1344 cni
961 1310 1062 1344 mitti
1082 1310 1210 1345 debeat
1229 1310 1404 1345 laudatio.

68 1365 186 1406 Valde
205 1365 331 1401 fimilis
351 1367 431 1402 sane
451 1366 500 1402 est
519 1367 615 1402 ratio
635 1367 694 1403 Ad
716 1369 787 1415 Qu.
809 1366 857 1402 fr.
881 1377 917 1411 3,
947 1373 974 1412 8
1014 1367 1184 1406 „Serrani
1203 1366 1406 1402 Domestici

67 1422 164 1465 „filii
180 1422 295 1474 funus
317 1422 594 1471 perluctuosum
614 1423 690 1460 fuit
718 1444 773 1451 —-
801 1423 990 1458 Laudavit
1011 1432 1114 1470 pater
1127 1421 1267 1472 scripto
1290 1430 1407 1458 meo.“

70 1490 183 1529 quem
210 1478 335 1514 locum
364 1478 450 1513 citat
473 1481 606 1514 Burin.
661 1481 823 1527 Appium
852 1478 1014 1519 alienum
1034 1479 1103 1514 effe
1132 1492 1152 1512 a
1179 1479 1302 1514 nostro
1321 1479 1405 1513 loco

69 1535 390 1586 vespraenomen
413 1535 474 1574 C.,
513 1534 615 1583 quod
636 1534 807 1574 additur,
845 1534 1011 1571 ostendit.
1070 1534 1131 1570 Sic
1152 1536 1252 1570 enim
1274 1537 1407 1570 Manu-

70 1593 146 1628 tius
171 1592 215 1628 ad
240 1590 316 1627 Cic.
337 1590 383 1626 ad
400 1591 494 1627 Div.
523 1605 539 1626 1
554 1616 566 1631 ‚
597 1601 634 1636 3.
690 1592 766 1631 ‚‚T.
789 1591 956 1639 Appius“
983 1591 1106 1639 (apud
1140 1591 1303 1626 nostrum
1326 1591 1408 1639 qui-

70 1649 156 1684 dem
174 1647 215 1683 h.
236 1646 262 1683 l.
294 1647 332 1683 C.
355 1647 476 1695 App.;
509 1647 568 1683 sed
588 1646 717 1683 eodem
738 1647 866 1690 redit)
893 1647 1053 1686 „mendo
1079 1647 1290 1683 manifesto:
1321 1649 1408 1695 quia

36 1696 38 1700 Ι
69 1704 172 1745 „duo
191 1702 431 1754 praenomina
450 1702 558 1738 fimul
578 1703 647 1738 effe
664 1717 740 1739 non
761 1703 949 1752 poffunt.“
1004 1704 1127 1752 Ipsum
1153 1714 1275 1739 tamen
1296 1701 1407 1739 etiarn

71 1762 223 1798 Domitii
250 1771 409 1799 nomen,
446 1772 533 1795 cum
561 1761 771 1808 praesertim
791 1760 830 1793 in
852 1758 970 1795 Codd.
996 1760 1033 1795 C.
1057 1762 1303 1808 antepositum
1330 1773 1407 1794 non

70 1817 296 1856 inveniatur,
326 1828 503 1864 occupare
522 1817 647 1851 minus
666 1817 748 1851 noti
769 1815 871 1850 iilius
896 1817 1074 1864 T.Amp1·1·
1093 1815 1218 1851 locum
1236 1817 1407 1864 potuiffc.

40 1878 41 1884 ¹
73 1873 254 1909 existimo.
312 1872 365 1908 M
381 1872 483 1912 inest,
511 1882 547 1908 et
565 1875 591 1908 P
614 1885 698 1909 curn
719 1874 752 1908 T
772 1885 848 1908 non
871 1884 955 1906 raro
974 1872 1218 1908 confunditur
1236 1873 1277 1907 in
1298 1874 1406 1908 MSS.

54 1929 120 1970 ,012
144 1927 332 1966 Drakenb.
361 1928 407 1963 ad
434 1930 522 1966 Liv.
554 1939 628 1974 27,
662 1937 732 1972 15,
766 1942 827 1964 ιι.
885 1929 984 1965 Nam
1013 1929 1105 1976 quin
1126 1930 1277 1977 Ampius
1308 1928 1354 1971 h.
1379 1928 1405 1964 l.

71 1977 146 2022 fiize
175 1996 300 2020 errore
330 1985 485 2034 scriptus
518 1987 561 2020 fit
590 1999 610 2019 a
642 1984 826 2024 librariis,
854 1997 987 2024 nemo,
1016 1986 1173 2034 opinor,
1203 1985 1404 2025 dubitabit,

69 2041 138 2091 qui
155 2040 372 2092 expenderit
399 2040 542 2078 nullam
572 2041 679 2077 fuiffe
701 2043 923 2078 occafionem
944 2050 1019 2077 tam
1047 2041 1294 2090 praeposterae
1323 2042 1406 2078 scri-

8 2631 10 2634 “
75 2635 208 2674 genere
244 2623 541 2659 demonstrativo.

73 2181 166 2219 ²⁰5·
203 2176 322 2214 Varro
344 2173 389 2210 de
409 2174 488 2211 vita
511 2173 645 2224 Populi
662 2176 708 2210 R.

68 2230 111 2265 in
127 2230 259 2283 fragm.
280 2243 336 2279 ap.
359 2232 460 2267 Non.
479 2244 516 2279 P·
539 2238 618 2280 249
650 2230 708 2266 ed.

70 2287 154 2336 Bip.
193 2289 300 2326 Varr.
356 2286 537 2335 Exempla
575 2288 710 2323 oratio-

73 2355 167 2379 num
210 2342 292 2378 aliis
340 2344 557 2392 scriptarum
603 2345 709 2379 affert

73 2401 201 2436 Burm.
238 2399 316 2436 Cic.
348 2399 393 2434 de
419 2400 523 2437 Orat.
558 2410 603 2439 2,
642 2407 708 2447 84.

75 2455 177 2503 quod
206 2455 254 2491 est
280 2455 412 2495 Laelii,
438 2465 475 2491 et
497 2456 574 2492 Cic.
597 2456 641 2491 ad
663 2458 708 2504 Q.

73 2511 223 2546 fratrem
247 2521 294 2555 3,
323 2518 362 2557 8.
391 2512 495 2560 quod
522 2512 570 2547 est
597 2513 709 2561 ipfius

77 2567 277 2604 Ciceronis.
335 2570 414 2604 Hae
441 2578 564 2603 tamen
584 2570 668 2604 sunt
690 2580 711 2603 e

604 2623 712 2662 Judi-

75 2678 175 2714 cialis
195 2688 316 2715 autem
339 2679 567 2715 manifestum
590 2693 713 2715 exem-

5 2744 19 2758 *
75 2733 181 2784 plum
222 2735 340 2771 adhuc
380 2734 563 2776 desidero,
591 2749 712 2784 neque

763 2174 891 2223 potuit
918 2173 991 2208 hoc
1019 2172 1109 2209 adeo
1134 2175 1308 2223 frequens
1335 2175 1405 2212 ess‘e

763 2231 859 2265 inter
889 2232 1098 2270 Romanos,
1145 2232 1212 2280 qui
1239 2234 1405 2281 patronis

763 2286 925 2322 solebant
944 2287 1002 2321 uti
1028 2287 1068 2321 in
1096 2288 1253 2334 judiciis.
1295 2290 1340 2324 cf.
1367 2299 1406 2329 2,

769 2351 840 2386 15,
882 2352 947 2386 30.
1006 2345 1050 2377 In
1088 2345 1208 2380 nostro
1251 2346 1404 2393 quidem

763 2399 846 2434 loco
868 2399 912 2433 de
935 2398 1110 2434 industria
1128 2401 1307 2436 videntur
1320 2415 1405 2437 con-

763 2455 873 2505 jungi
902 2456 1098 2491 earundem
1137 2456 1179 2491 in
1214 2458 1406 2506 republica

765 2511 930 2560 partium
947 2512 1043 2551 viri,
1082 2514 1281 2560 primarius
1302 2514 1405 2554 alter.

765 2567 856 2602 alter
876 2565 1074 2609 obscurior,
1096 2582 1258 2617 quorum
1269 2572 1407 2607 utrius-

767 2636 840 2671 que
874 2624 1075 2673 imaginem
1114 2625 1312 2680 diligenter
1345 2640 1406 2662 ex-

767 2679 933 2727 press'erit
956 2681 1098 2718 Cicero.
