1656 2990
320 211 488 276 1NST2
522 209 798 254 ORATOR.
835 208 955 252 LIB.
989 207 1086 263 ΙΙΙ,
1128 220 1174 261 9.
1321 207 1384 251 60
1394 217 1420 260 5

11 339 19 393 'f
82 354 186 404 que
215 335 287 385 est
311 333 564 402 quaestio,
603 335 663 383 in
683 349 786 399 qua
807 350 919 382 non
939 333 1248 398 promittere
1273 331 1422 397 poffit

83 424 278 472 orator,
316 413 450 479 quid.
478 413 670 478 primo,
708 408 842 476 quid.
870 408 1121 469 secundo,-
1160 409 1294 476 quid
1317 419 1422 458 ter-

81 493 159 540 tio
183 490 243 540 [it
262 491 383 541 loco
409 490 684 539 dicturus?
721 486 871 553 quod
895 486 968 535 est
991 489 1275 554 proprium
1290 503 1422 552 par-

0 570 284 625 asssstitionis.
366 571 538 636 Quam
562 583 687 632 ergo
712 564 1004 614 ridiculum
1026 563 1121 624 est,
1162 560 1422 634 quaestio-

81 663 195 696 nem
223 643 444 710 quidem
467 643 694 710 speciem
723 640 819 690 effe
847 642 1215 707 probationi&
1252 644 1423 707 parti-

81 725 267 772 tionem
302 732 505 780 autem‚
575 737 709 786 quae
753 717 811 768 fit
840 712 1040 785 ‘species
1085 718 1424 786 quaestionis,

81 809 285 866 purtem
314 799 480 848 totius
513 798 765 848 orationis
798 798 1016 846 vocari?
1063 789 1311 868 Egreffio
1326 807 1461 852 've-4

81 894 163 934 ro,
201 877 291 925 vel
325 875 513 941 (quod
542 875 780 924 ufitatius
803 872 901 923 effe
932 876 1141 941 coepit)
1180 869 1427 949 exwffizs,

28 1006 33 1015 ‚
83 952 191 1003 five
227 951 300 1001 est
333 963 475 1001 extra
515 951 749 1010 causam,
806 969 920 1001 non
951 951 1123 1018 potest
1173 949 1272 1000 effe
1307 969 1428 1018 pars

84 1029 292 1080 causae:
343 1029 450 1090 five
476 1029 548 1078 est
571 1031 628 1078 in
659 1027 835 1087 causa,
873 1028 1202 1091 adiutorium
1227 1031 1315 1078 vel
1342 1045 1430 1078 or-

28 1108 31 1114 '
82 1118 396 1157 namentum
443 1108 677 1172 partium
717 1105 790 1154 est
830 1123 1046 1165 earum,
1124 1123 1188 1155 ex
1231 1107 1429 1171 quibus

80 1185 371 1250 egreditur.
445 1186 588 1233 Nam
619 1184 685 1243 fi,
736 1183 1008 1249 quidquid
1049 1185 1108 1232 in
1151 1182 1300 1232 causa
1338 1182 1429 1242 est,

82 1279 202 1328 pars
221 1250 410 1330 {ausae
429 1262 733 1310 vocabitur:
779 1278 876 1309 cur
904 1278 1016 1310 non
1046 1271 1430 1329 argumentum,

19 1330 41 1378 f
68 1335 386 1410 similitudo,
436 1337 574 1388 locus
612 1341 910 1395 communis,
960 1357 994 1386 a
1047 1349 1208 1395 ectus,
1258 1355 1442 1387 exem-⁴

81 1414 204 1480 pla,
249 1425 420 1480 partes
450 1417 747 1463 vocentur?
803 1417 1006 1463 Tamen
1035 1432 1134 1463 nec
1168 1416 1234 1464 iis
1265 1412 1461 1466 alren-5

86 1493 220 1550 tior,
270 1493 364 1558 quj
404 1490 689 1540 detrahunt
731 1487 1126 1560 refutationem,
1174 1502 1428 1558 tanquam

83 1669 196 1706 habet
214 1669 542 1717 conjunctionem)
573 1679 610 1705 et
639 1668 722 1704 edd.
755 1679 837 1704 ante
857 1668 947 1705 Bad.
975 1668 1170 1709 omnibus,
1199 1670 1266 1718 qui
1282 1669 1428 1719 primus

18 1751 40 1772 Τ
85 1726 381 1763 emendationem
403 1727 514 1777 Regii
535 1726 727 1762 inserentis
746 1725 932 1765 voculam,
962 1727 1112 1774 recepit,
1135 1727 1198 1761 etfi
1221 1725 1428 1774 subjiciens,

86 1785 132 1823 se,
165 1785 236 1818 five
260 1782 458 1819 ascribatur
476 1797 627 1833 namque
650 1784 723 1818 five
742 1794 840 1822 non,
876 1783 1007 1829 susque
1037 1783 1156 1830 deque
1185 1783 1303 1822 ferre,
1331 1793 1366 1819 et
1386 1785 1428 1819 111

85 1839 247 1878 Vallenfi
280 1839 348 1874 effe
377 1852 525 1890 negans.
598 1841 877 1887 Supervacuum
909 1849 1006 1873 certe
1031 1851 1108 1873 non
1136 1838 1205 1878 est,
1258 1840 1317 1875 sed
1349 1850 1428 1876 erat

85 1896 208 1932 lenius
239 1896 444 1931 immittere
474 1899 586 1935 enim,
628 1895 731 1943 quod
756 1894 892 1930 habent
915 1894 999 1930 Ald.
1030 1906 1188 1943 uterque
1221 1906 1256 1931 et
1283 1897 1425 1934 Vidov.

87 1954 184 1990 Cum
207 1946 330 1988 tamen
347 1951 565 1988 insolentior
588 1952 676 1987 haec
695 1951 979 1999 conjunctionis,
1002 1951 1106 1986 alteri
1125 1952 1212 1987 voci
1234 1952 1426 2000 subjectae,

87 2010 266 2046 structura
284 2021 360 2044 non
381 2011 424 2045 fit
443 2009 572 2060 ignota
597 2007 858 2057 scriptoribus,
896 2008 1053 2056 suspicor
1074 2007 1211 2043 alicubi
1229 2008 1269 2043 in
1290 2009 1430 2046 Codice

86 2067 315 2114 conspectam
334 2078 413 2100 eam
434 2077 455 2098 a
474 2066 605 2116 Regio,
634 2065 712 2113 qui,
741 2076 811 2113 pro
830 2064 932 2099 istius
958 2064 1069 2099 seculi
1085 2077 1211 2105 more,
1239 2076 1430 2102 auctorem

14 2150 19 2159 .
84 2122 251 2158 tacuerit.
306 2122 419 2158 Dicas
440 2120 565 2158 saltem
588 2122 657 2157 effe
678 2122 718 2156 in
737 2121 962 2157 Britannicis
983 2121 1116 2156 tribus.

123 2207 126 2209 >
173 2180 358 2226 proprium
382 2189 479 2227 part.
539 2177 666 2214 Turio.
702 2181 855 2226 primum
894 2189 980 2212 cum
1018 2177 1118 2214 Alm.
1157 2178 1257 2214 unde
1294 2181 1428 2215 Burm-

57 2246 59 2249 “
85 2233 197 2270 efficit
226 2237 388 2283 privum,
427 2233 485 2270 sed
517 2234 563 2269 cf.
596 2244 643 2278 5,
677 2243 722 2278 3,
758 2245 819 2269 12.

169 2291 360 2338 egreditur.
417 2290 543 2326 Turio.
567 2291 779 2339 egredietur.
836 2291 898 2327 Fit
920 2289 1074 2326 clausula
1092 2290 1313 2329 hexametri.

165 2360 228 2382 noc
259 2349 312 2382 iis.
370 2347 498 2382 Turio.
530 2361 640 2397 neque
663 2347 718 2383 his
746 2359 831 2382 cum
853 2346 953 2383 Alm.
986 2348 1111 2383 Guelf.
1135 2360 1246 2398 neque
1267 2352 1309 2385 iis
1340 2361 1427 2385 cum

86 2401 171 2439 ΑΜ.
227 2402 336 2438 Posui
357 2412 431 2437 tam
456 2404 630 2454 exiguam
652 2404 893 2443 varietatem,
927 2406 952 2439 fi
971 2405 1069 2439 forte
1093 2405 1220 2456 regula
1247 2406 1426 2454 quaedam

85 2469 258 2495 veterum
277 2459 440 2513 ppnendi
460 2473 570 2509 neque
589 2473 636 2496 an
655 2474 729 2500 nec,
752 2469 836 2495 ante
853 2460 1032 2500 vocalem,
1049 2461 1168 2511 poffet
1181 2463 1274 2502 erni,
1295 2462 1426 2498 multis

85 2514 265 2564 exemplis
285 2514 516 2567 culligendis.

86 2674 172 2698 nem
195 2677 344 2714 namque
361 2664 593 2713 postpositam
615 2665 727 2703 habes
786 2677 847 2711 17,
874 2674 934 2713 18.
961 2674 1022 2714 18,
1045 2666 1111 2706 26.
1142 2677 1207 2715 25,
1231 2679 1268 2706 2.
1301 2670 1365 2709 26,
1391 2683 1425 2706 1.

88 2719 198 2754 etiam
220 2729 256 2759 2,
286 2726 326 2767 4,
359 2720 397 2756 6.
437 2727 474 2766 8,
505 2722 542 2761 6,
578 2733 642 2766 71.
682 2725 723 2759 it.
781 2724 986 2772 multisque
1010 2736 1195 2774 praeterea
1215 2727 1320 2764 locis.
1347 2727 1428 2763 vid.

88 2774 188 2811 Hor.
214 2788 248 2816 1,
280 2785 349 2816 12,
380 2775 418 2813 6.
466 2777 559 2814 Plin.
590 2782 639 2815 H.
672 2782 722 2818 N.
783 2790 905 2816 tamen
930 2791 1010 2818 not.
1035 2783 1129 2819 Crit.
