1656 2990
284 206 378 251 552
400 160 402 166 Α
596 195 668 266 Μ.
704 196 835 239 FAB.
873 195 1280 255 QUINTILIAM

285 321 355 368 cit
385 318 550 372 enim,
594 315 644 363 se
676 317 828 380 culpa
854 331 1057 364 vacare:
1099 326 1162 365 ut
1185 318 1346 381 magis
1372 318 1587 382 qualita-

285 395 350 442 tis
379 392 574 455 duplex
610 391 741 439 ratio
782 389 1015 438 facienda
1051 390 1134 449 Iit,
1183 393 1360 449 altera,
1412 407 1512 456 qua
1539 403 1590 439 et

287 468 483 516 sactum
510 464 834 524 defenditur3
876 467 1030 513 altera
1046 503 1060 524 ,
1097 484 1200 530 qua
1229 477 1430 515 tantum
1457 483 1590 516 reus.

225 559 277 599 80
291 540 628 592 Credendum
657 540 728 588 est
751 542 911 605 igitur
937 542 1028 597 iis,
1066 559 1297 605 quorum
1327 542 1599 590 auctorita·

290 629 397 665 tem
413 615 616 664 secutus
637 615 708 663 est
725 617 924 673 Cicero,
964 618 1059 664 tria
1080 615 1191 675 effe,
1221 633 1353 682 quae
1374 613 1432 664 in
1453 617 1599 665 omni
1620 648 1626 653 -

291 690 640 756 disputatione
654 702 981 754 quaerantur,
1017 689 1183 762 anfit,
1219 688 1440 762 quidfit,
1472 701 1656 755 qua-26

292 767 340 814 le
354 763 464 837 fit?
504 766 650 830 quod
669 765 775 830 ipsa
800 767 952 815 nobis
978 768 1130 814 etiam
1159 778 1341 816 natura
1361 765 1604 832 praescri-

293 843 384 890 bit.
478 843 619 889 Nam
656 842 889 905 primum
929 852 1134 905 oportet
1165 839 1356 899 subell'e
1386 840 1602 905 aliquid,

289 916 361 965 ‘de
388 933 494 982 quo
532 914 835 980 ambigitur:
891 917 1059 980 quod,
1100 917 1231 980 quid
1257 915 1339 975 fit,
1375 927 1427 964 et
1445 914 1602 980 quale

294 992 557 1050 fit,ce1te
579 1009 690 1040 non
715 989 882 1055 potest
907 990 1186 1049 aestimati,
1218 990 1313 1040 nisi
1333 993 1480 1057 prius
1510 989 1604 1038 effe

235 1082 283 1120 81
302 1066 608 1117 constiterit:
652 1066 879 1130 ideoque
911 1083 969 1114 ea
1002 1068 1167 1131 prima
1194 1066 1441 1131 quaestio.
1509 1066 1609 1115 Sed.

298 1160 410 1191 non
429 1141 622 1198 statim,
661 1141 808 1205 quod.
835 1139 930 1189 effe
956 1141 1286 1190 manifestum
1315 1141 1399 1201 est,
1439 1140 1608 1197 etiam,

297 1217 428 1281 quid.
463 1215 547 1274 fit,
605 1227 824 1281 apparet.
918 1221 1031 1265 Hoc
1068 1234 1281 1280 quoque
1309 1215 1603 1272 constituto,

295 1291 560 1340 novissima
584 1293 800 1354 qualitas
823 1289 1076 1354 superest:
1113 1308 1210 1339 nec
1230 1292 1311 1339 his
1330 1292 1604 1356 exploratis

297 1366 442 1414 aliud.
463 1365 533 1412 est
553 1367 702 1413 ultra.
781 1367 874 1413 His
893 1364 1124 1413 infinitae
1149 1366 1486 1430 quaestiones,
1523 1367 1605 1414 his

297 1440 472 1488 finitae
503 1442 848 1488 continentur.
903 1440 1098 1488 horum
1126 1442 1297 1504 aliqua
1315 1442 1373 1488 in
1392 1441 1608 1490 demon-

299 1515 521 1572 strativa,
552 1515 902 1570 deliberativa,
937 1515 1171 1574 judiciali
1194 1517 1405 1564 materia
1423 1517 1607 1580 utique

236 1609 287 1647 82
299 1601 591 1638 tractantur.
693 1594 828 1637 Haec
855 1587 1032 1638 rursus
1065 1591 1332 1650 judiciales
1364 1590 1531 1639 causas
1558 1600 1609 1637 et
1648 1622 1656 1632 ι

298 1666 540 1714 rationali
576 1676 718 1728 parte
749 1674 800 1711 et
830 1665 982 1728 legali
1019 1668 1301 1714 continent.
1415 1668 1607 1730 Neque

299 1742 443 1788 enim
464 1741 570 1789 ulla
586 1741 715 1800 juris
735 1738 1048 1804 disceptatio,
1085 1739 1180 1789 nili
1199 1739 1453 1798 finitione,
1483 1758 1608 1805 qua-

381 1870 581 1916 ambigitur.
637 1868 748 1903 Goth.
768 1871 852 1913 (tac.
865 1869 987 1914 Gesn.)
1009 1870 1207 1917 ambigatur
1217 1881 1298 1903 cum
1311 1868 1408 1906 Voss'.
1432 1877 1467 1902 2.
1487 1868 1608 1916 Steph.

300 1933 337 1960 et
367 1924 509 1972 Gryph.
541 1927 723 1969 (1544),
762 1936 836 1957 non
864 1923 968 1959 male.
1252 1926 1370 1973 utique
1400 1934 1608 1959 tractantur.
1654 1958 1656 1960 ,

300 1978 427 2015 Turic.
457 1994 491 2014 u.
523 1988 696 2014 tractatur
725 1991 808 2012 cum
837 1978 934 2013 Alm.
966 1988 1001 2013 et
1028 1980 1136 2013 Bern.
1166 1977 1270 2012 male.

379 2034 575 2079 judiciales.
632 2035 686 2066 Ita
703 2034 903 2082 conjeqerat
923 2034 1060 2083 Regius
1082 2045 1149 2081 pro
1171 2025 1409 2077 juridiciale‘s,
1439 2032 1538 2080 quod
1556 2033 1610 2067 in-

299 2089 482 2125 veniebat.
516 2088 585 2133 Sed
607 2098 701 2122 recta
722 2088 895 2134 scriptura
913 2089 987 2134 jam
1007 2098 1083 2122 erat
1101 2089 1141 2122 in
1151 2090 1262 2123 Tarv.
1281 2097 1317 2122 et
1340 2088 1379 2122 in
1401 2088 1516 2124 Codd.
1529 2112 1538 2127 ,
1567 2098 1610 2123 ut

298 2144 468 2182 videtur,
499 2141 669 2178 omnibus
687 2153 826 2190 praeter
846 2143 958 2178 Goth.
1261 2145 1446 2179 continent.
1500 2138 1611 2178 xHaec
1651 2157 1656 2163 ·

298 2200 495 2246 scriptura,
522 2199 548 2232 fi
566 2197 795 2247 Sulzbergeri
817 2198 996 2232 silentium
1020 2197 1126 2231 fidem
1146 2207 1328 2236 meretur,
1366 2198 1413 2232 est
1429 2198 1469 2232 in
1487 2198 1608 2233 Gnelf.

297 2264 335 2288 et
358 2254 482 2288 Turio.
549 2255 591 2286 In
621 2252 734 2288 Goth.
763 2253 909 2299 quidem
939 2253 1007 2286 effe
1033 2252 1196 2299 prodidit
1223 2253 1295 2298 jam
1325 2253 1428 2288 Gesn.
1450 2252 1490 2286 in
1509 2253 1607 2291 Voss'.
1640 2247 1656 2282 ι’·

305 2322 338 2342 1.
353 2311 480 2343 Burm.
535 2307 627 2342 Edd.
651 2307 783 2341 habent
798 2299 890 2342 Tolne
911 2307 1001 2343 Obr.
1025 2309 1176 2354 Capper.
1200 2308 1303 2342 Gesn.
1324 2307 1406 2355 Rip.
1461 2309 1608 2354 Ceterae
1652 2351 1656 2353 ‘

300 2366 405 2398 conti
408 2374 472 2401 zet
521 2362 622 2409 quod
650 2363 737 2396 ferri
766 2363 903 2409 nequit.
982 2362 1097 2396 Modo
1129 2372 1196 2409 pro
1224 2373 1259 2397 ot
1288 2363 1452 2397 rationali
1482 2362 1608 2416 eodeni
1638 2383 1656 2413 -4

301 2408 408 2453 ambo
441 2430 563 2452 errore
585 2417 684 2451 Alm.
710 2427 743 2451 et
761 2417 883 2451 Τυιίο.
915 2428 947 2451 ec
980 2417 1171 2451 rationalis.

379 2474 501 2522 Neque
520 2475 620 2508 enim.
676 2473 729 2506 Ita
750 2472 870 2507 Guelf.
902 2473 1024 2508 Ceteri
1046 2473 1118 2506 Nec
1136 2485 1189 2506 en.
1231 2471 1276 2506 cs.
1331 2479 1407 2514 „3
1438 2478 1476 2515 5.

259 2624 272 2630 Ἀ
354 2583 534 2632 qualitatis
553 2582 701 2628 duplex.
758 2582 802 2615 cf.
829 2591 862 2623 7,
886 2589 924 2627 4,
1029 2580 1172 2629 secutus
1201 2598 1254 2608 —·
1287 2581 1427 2616 Ciceros
1495 2581 1540 2616 cf.
1573 2581 1656 2634 §0³

299 2642 335 2682 4.
358 2647 393 2679 7.
423 2633 504 2671 κατ’
533 2633 718 2677 ἀντίληψιν
748 2635 924 2686 absoluta,
979 2642 1047 2683 l14.
1218 2646 1225 2655 '
1605 2649 1613 2660 ²
1648 2634 1656 2655 Γ

297 2688 535 2748 προσληπτιῇἤ
563 2692 757 2740 qffiamcim.
