1656 2990
375 124 538 172 1NsT.
576 110 854 172 ORATOR.
891 126 1012 170 Lm.
1049 127 1098 182 1,
1134 139 1243 171 21„
1365 131 1465 182 407

121 250 343 301 minima
362 267 542 317 pugna
562 248 661 300 est.r
725 253 868 301 Nam
889 252 955 300 de
977 251 1127 301 omni
1149 252 1366 300 materia
1385 248 1467 299 di-

42 316 48 323 ἤ
123 345 241 377 cere
280 345 396 378 eam
444 327 708 378 fatentur:
760 331 1032 395 propriam
1071 328 1264 377 habere
1303 338 1466 377 mate-

119 406 280 467 riam,
321 405 446 472 quia
469 406 822 472 multiplicem
842 407 1055 464 habeat,
1095 416 1301 471 negant.
1363 403 1468 454 Sed

24 479 26 484 ’
78 501 98 547 j
121 498 298 548 neque
338 480 546 532 infinita
579 483 674 543 est,
715 483 910 533 etiamfi
952 482 1024 532 est
1062 483 1371 548 multiplex:
1415 491 1468 529 et

122 559 253 608 aliae
291 577 522 626 quoque·
545 572 675 611 artes
707 563 942 611 minores
974 560 1170 608 habent
1202 559 1467 624 multipli-

120 653 239 686 cem
267 638 564 696 materiam,
600 639 751 688 velut
780 638 1190 688 architectonice:
1233 652 1466 701 namque

117 730 183 761 ea
206 715 265 762 in
285 715 559 773 omnibus,
597 733 730 781 quae
750 715 872 765 sunt
891 713 1131 764 aedificio
1151 715 1318 772 utilia,
1346 730 1466 762 ver-

119 788 284 845 satur:
329 802 380 840 et
398 792 690 851 caelatura,
726 807 861 859 quae
881 810 1028 850 auro,
1058 802 1290 857 argento,
1330 807 1498 852 aere,9

120 865 292 926 ferro,
341 885 501 935 opera
542 869 710 919 efficit.
807 872 951 919 Nam
985 865 1267 941 sculptura
1308 868 1466 916 etiam

119 944 355 1011 lignum,
404 946 562 1005 ebur,
620 965 877 1014 marmor,
933 948 1164 1002 vitrum,
1219 961 1466 1010 gemmas,

121 1028 327 1088 praeter
343 1039 402 1070 ea
422 1040 558 1088 quae
579 1023 736 1090 supra
755 1024 892 1082 dixi,
921 1024 1303 1088 complectitur.
1351 1023 1462 1069 Ne·
1480 1031 1526 1055 ¹0

121 1114 228 1164 que
254 1100 500 1165 'protinus
521 1118 632 1150 11011
657 1100 729 1149 est
749 1102 965 1150 materia
993 1101 1307 1156 rhetorices,
1343 1095 1379 1145 si
1405 1099 1463 1145 in

119 1174 306 1225 eadem
323 1174 561 1225 versatur
581 1188 632 1225 et
652 1179 799 1227 alius.
844 1179 986 1226 Nam
1006 1174 1036 1225 fi
1054 1193 1314 1242 quaeram,
1329 1189 1463 1239 quae

49 1267 56 1286 ⁴
120 1250 182 1301 fit
206 1254 422 1303 materia
449 1253 708 1312 statuarii,
748 1255 956 1304 (licetur
978 1273 1093 1303 aes:
1133 1252 1172 1301 si
1201 1268 1464 1318 quaeram,

120 1329 341 1395 quaesit
363 1329 649 1390 excuseris,
686 1331 744 1380 id
765 1331 861 1391 est,
900 1336 1012 1394 ejus
1033 1330 1275 1388 fabricae,
1303 1346 1465 1394 quam

120 1408 323 1455 Graeci
349 1411 651 1473 χαλκευτικιέν
685 1420 904 1466 vocant,
954 1407 1190 1458 similiter
1229 1425 1318 1456 aes
1365 1403 1463 1454 effe

118 1482 482 1550 respondeant.
559 1487 721 1550 Atqui
740 1487 1040 1550 plurimum
1064 1502 1091 1532 a
1113 1483 1292 1533 statuis
1313 1479 1467 1531 djffe-

27 1571 251 1613 2⁰7ru11t
280 1560 409 1610 vasa.
486 1564 602 1610 Ne(-
637 1562 900 1611 medicina
936 1562 1059 1611 ideo
1089 1579 1202 1611 11011
1235 1561 1334 1608 erit
1368 1576 1525 1617 ars,11

69 1639 72 1642 ’
117 1637 243 1703 quia
270 1640 454 1689 unctio
477 1650 527 1687 et
557 1640 856 1689 exercitatio
883 1657 1004 1688 cum
1029 1636 1353 1704 palaestrica,
1393 1637 1466 1683 ci-

117 1715 312 1764 borum
340 1733 469 1766 vero
501 1718 723 1780 qualitas
753 1718 909 1766 etiam
942 1734 1065 1764 cum
1086 1731 1388 1780 coquorum
1415 1713 1466 1760 ei

116 1790 181 1852 fit
200 1803 307 1840 arte
327 1794 640 1842 communis.
721 1793 883 1861 Quod.
903 1810 1032 1841 vero
1057 1792 1121 1840 de
1140 1793 1303 1848 bono,
1323 1790 1463 1846 utili,
1482 1811 1528 1837 12

117 1867 256 1931 justo
289 1866 556 1927 dill'erere,
598 1867 966 1934 philosophiae
1000 1867 1235 1917 officium
1263 1863 1359 1915 effe
1385 1865 1466 1914 di-

118 1955 272 2001 cunt,
310 1963 422 1994 non
451 1945 630 1994 obstat.
711 1947 879 2004 Nam,
919 1963 1041 1994 cum
1079 1943 1466 2009 philosophum

119 2020 332 2080 dicunt,
381 2023 486 2072 hoc
527 2024 693 2089 accipi
741 2024 965 2081 volunt,
1010 2023 1193 2071 virum
1241 2022 1465 2072 bonum.

201 2190 470 2224 architectonice
499 2209 558 2219 --
593 2188 766 2238 versatur.
824 2188 950 2226 Guelf.
979 2189 1282 2225 architectonicae.
1342 2184 1459 2220 Goth.

117 2247 215 2291 (tac.
246 2246 382 2289 (ἕνεῖη.)
413 2244 599 2295 versantur
626 2255 670 2280 ut
701 2255 870 2295 appareat
906 2258 990 2282 eum
1029 2247 1091 2280 suo
1125 2259 1144 2280 e
1173 2241 1330 2278 voluiffe
1359 2241 1462 2289 quod

119 2301 243 2338 Guelf.
266 2301 456 2337 scribendo
480 2317 544 2342 ae,
572 2301 678 2337 male.
903 2300 1099 2350 excusor-is.
1156 2297 1280 2335 Guelf.
1297 2296 1461 2346 sculpto·

102 2355 167 2394 'ris
185 2357 290 2393 male.
321 2358 433 2394 Goth.
456 2362 474 2404 (
485 2368 552 2394 tac.
575 2360 700 2400 Gesn.)
724 2358 918 2409 excufforis
938 2371 1022 2393 cum
1046 2357 1146 2395 Vols.
1173 2366 1210 2392 2.
1240 2355 1331 2389 item
1351 2353 1459 2388 male.

117 2411 222 2452 Vett.
251 2414 333 2449 edd.
362 2425 570 2461 receptam,
607 2414 742 2463 quibus
776 2414 943 2451 accedere
975 2414 1154 2450 videntur
1185 2410 1392 2447 Britannici
1425 2419 1462 2444 et

119 2469 219 2505 Alm.
385 2468 564 2519 afiaruis.
623 2471 780 2508 Omittit
799 2485 822 2506 a
835 2470 958 2507 Guelf.
983 2482 1067 2504 cnm
1081 2470 1208 2505 Turio.
1224 2467 1339 2503 Goth.
1362 2467 1458 2505 Jens.

115 2526 134 2571 (
146 2536 211 2560 tac.
228 2526 352 2571 Gesn.)
370 2528 470 2563 Voff.
495 2537 518 2571 3
539 2538 574 2563 et
594 2527 683 2562 meis
702 2526 854 2574 quidem
876 2537 958 2561 ante
977 2525 1143 2561 Leidens.
1166 2523 1249 2561 edd.
1264 2521 1453 2560 omnibus.

115 2584 174 2617 Ex
195 2596 235 2616 ea
256 2582 438 2618 Gibsonus
460 2584 638 2622 assumsit,
676 2593 713 2617 et
734 2583 779 2617 de
803 2583 873 2618 suis
899 2581 1015 2620 Codd.
1042 2591 1145 2617 tacet.

174 2639 282 2689 Quod
311 2652 405 2674 vero.
462 2640 575 2675 Goth.
608 2643 702 2683 (tac.
731 2641 865 2683 Gesn.)
898 2640 971 2690 Qui
999 2651 1094 2674 vero.
1318 2635 1452 2671 dicunt.

117 2694 231 2731 Goth.
252 2695 401 2734 dabant,
429 2708 528 2736 non,
557 2706 600 2732 ut
624 2696 730 2732 Gesn.
751 2704 895 2735 nan-at,
924 2695 1098 2731 dicebant.
