1656 2990
297 216 463 263 INST.
500 215 779 267 ORATOR,
813 210 935 262 Lm.
966 215 1055 271 111,
1098 229 1116 256 1
1133 228 1172 258 ι.
1312 215 1409 268 615

64 339 236 394 ruerit
258 360 426 411 genus
452 341 659 400 causae3
699 353 816 392 tum
847 339 1206 397 intuebimur,
1248 346 1408 404 nege-

65 431 223 470 turne
254 419 482 479 factum,
521 419 668 507 quod
693 417 1026 468 intenditur?
1066 434 1132 466 an
1155 414 1407 466 defenda-

67 499 195 547 tur?
235 515 302 548 an
327 499 431 548 alio
463 499 684 547 nomine
705 495 999 562 appelletur
1015 495 1038 542 2
1079 510 1194 576 ana
1214 507 1404 560 genere

54 575 284 625 actionis
305 575 626 642 repellatur?
666 573 812 623 unde
836 570 957 622 sunt
978 567 1184 621 status.

0 754 47 795 9¹
180 734 266 782 XI.
331 735 428 784 His
460 734 722 791 inventis,
792 730 1118 781 intuendum
1155 729 1404 795 deinceps

54 812 413 877 Hermagorae
437 811 670 869 videtur,
712 809 847 875 quid
874 808 935 857 fit
959 804 1209 877 quaestio,
1251 809 1400 864 racio,

47 885 318 952 judicatio,
358 892 626 945 continens,
665 887 724 936 id
744 885 816 934 est
838 886 1036 949 συνέχον,
1075 885 1178 942 vel,
1220 895 1282 933 ut
1310 884 1403 932 alii

51 975 266 1023 vocant,
290 963 694 1036 firmamentum.
781 958 1030 1036 Quaestio
1060 963 1217 1012 latius
1244 961 1401 1009 intel-

51 1041 246 1107 ligitur
277 1044 480 1100 omnis,
534 1042 601 1090 de
634 1039 739 1106 qua
774 1041 834 1088 in
866 1049 1148 1104 utramque
1180 1048 1400 1104 partem,

55 1120 146 1168 vel
163 1119 223 1167 in
243 1119 424 1186 plures
448 1119 556 1168 dici
577 1118 902 1168 credibiliter
915 1115 1097 1183 potest.
1178 1119 1239 1165 ln
1258 1114 1432 1178 judi-2

52 1283 164 1338 gebat
184 1299 214 1321 c.
236 1297 322 1334 pars
338 1299 369 1321 e.
388 1286 430 1322 in
447 1286 543 1325 Jens.
565 1285 718 1334 quidem
738 1284 898 1336 legitur,
931 1283 985 1318 sed
1009 1283 1050 1318 in
1073 1284 1187 1319 Tarv.
1217 1298 1247 1319 c.
1276 1296 1344 1331 par
1366 1297 1397 1318 e.
1430 1280 1434 1284 ”

52 1341 132 1388 (cf.
167 1351 213 1386 3,
243 1354 289 1390 9,
319 1344 384 1388 5.)
673 1342 710 1377 id
735 1340 786 1392 eft
817 1339 1027 1386 συνέχον.
1083 1340 1279 1376 Omittunt
1307 1339 1397 1374 haec

52 1395 155 1435 Alm.
178 1407 216 1432 et
237 1399 363 1434 Turio..
397 1411 417 1432 a
443 1398 564 1445 prima
593 1411 718 1433 manu.
773 1400 807 1433 A
831 1397 983 1433 secunda
1013 1396 1054 1430 in
1083 1395 1155 1430 hoc
1181 1396 1331 1431 additur
1359 1406 1396 1431 et

47 1451 221 1503 finechon
249 1463 292 1488 ut
321 1463 358 1488 et
388 1452 512 1489 Guelf.
543 1453 626 1493 dat,
665 1454 733 1488 nisi
759 1453 857 1500 quod
879 1465 1015 1503 graece.
1036 1451 1108 1487 litt.
1149 1451 1262 1488 Goth.
1297 1455 1316 1497 <
1327 1462 1394 1488 tac.

54 1509 190 1554 Geta.)
221 1509 330 1544 etiam
353 1519 390 1544 et
418 1509 573 1544 omittit.
649 1512 767 1544 Error
794 1507 858 1544 τοῦ
892 1519 926 1543 et
957 1518 1062 1542 ortus
1085 1521 1131 1542 ex
1161 1507 1234 1558 efi,
1265 1509 1397 1544 omisso

52 1565 156 1613 quod
187 1565 373 1614 praecedit
403 1566 453 1601 id.
739 1563 911 1616 Quaestio
940 1584 996 1591 -
1026 1566 1146 1600 omnis.
1202 1567 1277 1602 Etfi
1299 1564 1398 1600 nihil

50 1621 115 1659 hic
136 1621 179 1657 in
200 1621 308 1658 libris
327 1621 506 1660 variatur,
534 1619 653 1655 fateor
667 1630 788 1656 tamen
812 1621 908 1656 mihi
924 1620 1119 1669 displicere
1139 1621 1223 1656 ista:
1253 1623 1396 1670 „Quae-

47 1677 149 1719 „stio'
172 1697 229 1706 ——
261 1677 306 1713 de
337 1691 409 1726 qua
430 1677 470 1712 in
501 1687 697 1724 utramque
717 1687 859 1726 partem
890 1698 944 1704 —
971 1677 1045 1711 dici
1069 1677 1295 1713 credibiliter
1312 1688 1396 1727 pot-

50 1735 164 1776 „0stss
207 1735 389 1782 ‚Requiro
418 1732 528 1768 latius
561 1742 688 1782 patens
718 1733 967 1772 vocabulum,
996 1746 1106 1781 quarn
1141 1734 1189 1769 est
1219 1733 1394 1784 quaestio,

20 1828 23 1830 ,
50 1790 156 1843 quod
180 1790 305 1826 addita
323 1790 388 1826 illa
410 1789 638 1824 definitione:
656 1789 726 1829 „de
756 1798 852 1838 qua“
882 1789 1215 1826 circumscribatur.
1274 1793 1395 1840 Suspi-

47 1845 117 1885 *eor
137 1857 274 1886 antem,
305 1856 369 1882 aut
390 1846 470 1897 post
494 1857 556 1880 aut
577 1855 661 1880 ante
684 1850 807 1885 omnis,
835 1846 1067 1886 excidiffet,
1071 1854 1174 1886 ,res.“
1231 1850 1287 1883 Ita
1314 1849 1393 1896 post

49 1906 172 1941 omnis
190 1903 386 1952 aliquoties
407 1903 449 1936 in
471 1902 589 1939 Codd.
614 1903 772 1938 Caesaris
796 1903 968 1938 omissum
996 1917 1072 1943 res,
1103 1902 1148 1938 de
1169 1915 1245 1951 quo
1267 1917 1395 1940 errore

0 1953 33 1993 ',.<1
49 1970 128 2013 agit
149 1959 444 2008 Oudendorpius
475 1959 519 1994 ad
549 1959 645 1994 Caes.
674 1962 718 1995 B
740 1962 785 1995 G.
813 1973 855 1999 1,
891 1972 961 2008 19,
995 1969 1031 1994 2.
1073 1959 1146 2005 (cf.
1171 1969 1217 2003 5,
1248 1971 1295 2003 7,
1327 1961 1392 2006 6.)

0 2044 3 2046 -
46 2012 183 2057 Noster
201 2017 313 2054 etiam
339 2026 387 2060 5,
417 2014 455 2055 6,
486 2025 577 2066 29,
582 2028 650 2054 ,ies
671 2017 792 2051 omnis
822 2014 871 2068 lig
851 2016 930 2050 onis
961 2015 1237 2079 colligeretur&
1295 2020 1392 2054 Item

11 2105 14 2110 ,
49 2064 142 2109 Cic.
157 2075 240 2114 Inv
277 2086 321 2113 ι,
350 2079 427 2120 8,
427 2071 568 2113 Omnis
598 2086 674 2114 ves,
704 2086 798 2123 quae
827 2071 938 2108 habet
968 2072 1010 2107 in
1037 2074 1071 2110 se
1094 2093 1151 2102 -
1180 2084 1395 2111 controver-

45 2131 198 2172 „Mam

50 2275 167 2315 modo
198 2277 460 2314 accusationem
492 2277 611 2330 fimus
613 2289 693 2312 care
749 2285 880 2316 „ctum
911 2298 968 2306 -
997 2277 1310 2318 transferentium,
1338 2279 1390 2315 i'ta

43 2328 238 2375 Vidimus,
275 2333 459 2371 vocabulo
485 2333 694 2370 'declaratur
747 2333 834 2372 „hic
853 2334 920 2369 fibi
941 2334 1241 2370 τίηάὶςειηῑίιιῐη(ο
1263 2345 1332 2372 cet.

22 2390 207 2446 „praemii
249 2391 449 2438 cujusdam
496 2390 963 2442 flagitatio,quaesc1'o
1008 2410 1063 2419 -—
1104 2392 1386 2439 firmamentum.

48 2451 143 2495 quae
173 2445 246 2482 fiat
267 2459 287 2482 a
308 2446 454 2483 duobus
482 2447 545 2482 vel
568 2446 691 2496 pluii
746 2449 846 2483 Haec
880 2447 1060 2483 vocabula
1093 2447 1270 2483 illustrata
1300 2449 1389 2484 vide

49 2499 121 2537 hus
151 2502 270 2538 fimul.
330 2503 544 2539 Manifestus
565 2503 609 2538 ad
634 2503 690 2538 in·
746 2504 845 2552 apud
887 2503 1030 2539 Cornif.
1072 2505 1193 2552 script.
1235 2504 1279 2539 ad
1316 2506 1390 2539 He

19 2559 354 2610 ‘terpretadonem
387 2559 501 2594 nostri
528 2559 603 2594 loci
639 2559 687 2594 est
743 2573 920 2600 reruni,
957 2559 1018 2596 16.
1061 2560 1105 2595 it.
1136 2561 1212 2597 Cic.
1240 2563 1324 2596 Inv.
1352 2574 1386 2600 ι,

9 2605 198 2659 sster7,
225 2625 262 2655 2,
286 2624 380 2659 25,
383 2615 456 2656 ,Est
475 2621 511 2651 et
530 2614 599 2650 alia
621 2615 688 2650 du-
749 2621 900 2663 13.14.
930 2615 1007 2652 cic
1031 2617 1128 2665 Top.
1155 2630 1185 2652 c.
1210 2625 1274 2662 25.
1307 2617 1384 2653 Cic.

46 2668 161 2719 ,fplex
181 2671 402 2719 conjectum,
434 2671 524 2706 huie
543 2667 687 2706 οἷυι-ιιωι-
742 2673 888 2708 Partitt.
910 2673 1032 2709 Oratt.
1064 2682 1115 2721 29
1135 2683 1230 2709 extr.

44 2726 221 2776 „furo-elo!
240 2739 316 2763 non
338 2726 491 2768 diversa,
523 2727 568 2763 de
587 2741 688 2775 prae·
803 2727 1178 2778 Quaestio—amnis.
1207 2729 1288 2766 vid.
1304 2739 1383 2766 not.

0 2831 2 2834 .
51 2783 186 2822 ..miisw
205 2793 274 2820 cet
330 2785 452 2824 „Nam
475 2793 519 2819 ut
539 2783 619 2820 illic
636 2784 687 2819 fa·
746 2785 841 2821 Crit.
