1656 2990
222 217 325 249 Lxx
654 205 1098 252 PRAEFATIO.

227 326 531 376 tinerentur.
642 331 719 377 Ex
759 330 951 393 quibus
980 327 1016 376 fi
1051 327 1145 392 qui
1171 344 1256 376 me
1287 328 1539 377 latuerint

228 432 435 479 magnas
471 418 520 463 ei
553 416 754 466 habebo
792 419 1003 482 gratias,
1058 417 1153 479 qui
1183 417 1318 464 mihi
1353 432 1540 479 eorum

228 504 472 551 notitiam
511 505 742 553 voluerit
780 505 1052 568 impertiri.
1155 504 1346 568 Neque
1386 503 1541 552 dubi-

230 599 314 646 to,
360 593 490 654 quin
520 594 713 639 multae
746 591 1070 655 singulorum
1104 593 1344 640 locorum
1378 593 1541 656 expli-

231 679 457 727 cationes
495 680 550 726 in
592 681 817 728 aliorum
858 678 1170 743 scriptorum
1219 679 1542 727 editionibus

233 765 403 813 obiter
434 765 748 830 propositae,
803 766 1113 815 industriam
1150 782 1319 814 meam
1349 763 1545 831 effuge-

232 853 350 901 rint.
430 855 799 904 Lochmannus
823 859 876 903 V.
899 858 954 906 C.
980 853 1231 920 profeffor
1242 855 1547 919 Coburgen-

232 935 318 996 HS,
383 944 528 1001 cujus
558 942 710 1007 supra
741 946 844 1002 jam
881 959 909 990 a
945 960 1029 991 me
1066 942 1196 989 facta
1232 940 1303 989 est
1329 943 1545 998 mentio,

234 1028 434 1092 aliquot
463 1029 851 1094 prolussonibus
882 1029 985 1079 suis
1012 1028 1289 1078 illustravit
1312 1030 1544 1077 Fabium.

233 1117 329 1166 Eas
370 1133 527 1181 penes
567 1135 651 1166 me
699 1117 793 1167 effe
846 1135 1026 1168 omnes
1067 1119 1203 1167 mihi
1246 1115 1546 1182 persuadeo.

233 1203 366 1252 Sunt
394 1215 567 1254 autem
597 1208 834 1272 quinque
863 1222 1123 1254 annorum
1160 1209 1314 1266 1776.
1345 1218 1429 1265 78.
1461 1218 1547 1261 88.

239 1304 323 1351 89.
366 1310 449 1352 9ο.
530 1297 700 1355 Hujus
725 1296 829 1343 viri
859 1305 909 1342 et
942 1294 1266 1359 diligentiam
1296 1303 1346 1341 et
1375 1294 1553 1342 erudi-

235 1382 437 1430 tionem
478 1379 623 1447 saepe
661 1383 882 1447 agnovi3
940 1382 1044 1430 fuit
1080 1384 1236 1429 etiam
1278 1383 1375 1430 ubi
1406 1393 1553 1447 prae-

237 1479 432 1533 reptam
460 1471 686 1535 aliquam
718 1473 1067 1530 conjecturam
1101 1468 1346 1518 dolerem.
1451 1468 1554 1519 Sed.

236 1555 443 1606 lectoris
479 1574 588 1607 non
622 1559 806 1615 refert,
864 1557 901 1607 fi
939 1557 1071 1622 quid
1110 1559 1234 1615 veri·
1256 1556 1328 1605 est
1365 1559 1554 1606 inven-

236 1653 383 1702 tum,
440 1656 624 1695 utrum
653 1648 756 1695 hoc
792 1648 968 1711 plures
1004 1646 1248 1710 deinceps
1279 1643 1374 1710 ipfi
1403 1645 1553 1694 vide-

236 1733 358 1789 rint,
404 1750 468 1782 an
499 1750 637 1782 unus
668 1734 823 1782 semel
864 1734 1170 1783 monstrarit.
1258 1734 1554 1783 Plurimum

238 1819 491 1870 conduxit
510 1823 643 1871 mihi
664 1825 812 1872 labor
831 1826 864 1871 Ι.
880 1825 934 1876 C,
949 1826 1007 1871 T.
1021 1819 1236 1879 Ernesti,
1256 1818 1555 1870 Profess'oris

239 1908 540 1972 Lipsiensis,
592 1914 687 1976 qui
727 1913 996 1975 utriusque
1034 1911 1242 1974 linguae
1285 1908 1554 1956 technolo-

240 1997 403 2060 giam,
453 2014 608 2062 quam
636 2009 816 2056 vocat,
866 1999 1179 2047 rhetoricam
1209 1996 1554 2062 singularibus

238 2082 387 2133 libris
418 2083 717 2150 persecutus
753 2085 836 2135 est.
948 2089 1122 2146 Major
1152 2085 1365 2150 quidem
1395 2083 1554 2144 hujus

237 2172 526 2223 voluminis
577 2191 692 2239 pars
754 2177 894 2240 typis
950 2175 1103 2222 etiam
1153 2170 1374 2237 expreffa
1433 2181 1554 2228 erat,

237 2269 515 2324 antequam
554 2262 618 2311 ad.
651 2279 735 2311 me
773 2262 1093 2328 perterretur
1131 2261 1417 2309 rhetoricae
1444 2261 1553 2308 Ro-

236 2363 418 2396 manae
471 2350 675 2400 lexicon
686 2369 699 2409 ;
777 2351 1039 2415 apparebit
1093 2360 1265 2398 tamen
1318 2346 1554 2412 legendis

239 2435 377 2484 notis
407 2440 551 2495 meis,
591 2449 846 2502 quantum
886 2439 1094 2502 utrique
1135 2437 1282 2501 operi
1321 2435 1550 2483 debeam.
1588 2428 1591 2431 ¹

238 2522 484 2589 Gedoyni
529 2526 985 2590 Francogallicam‚
1051 2535 1101 2573 et
1148 2524 1344 2572 Henkii
1389 2526 1446 2572 V.
1487 2526 1549 2571 R.

238 2612 596 2667 Germanicam
621 2615 934 2683 Quintiliani
963 2611 1254 2662 verfionem
1285 2609 1552 2661 inconsul-
