1656 2990
549 211 1002 262 PRAEFATIO.
1354 219 1445 255 xm

23 356 29 359 ’
108 343 278 396 literis
302 340 667 393 habitantium
702 355 732 387 a
763 353 853 388 me
884 347 1147 408 expectet,
1205 338 1267 389 in
1305 347 1448 386 ante-

110 432 331 492 cess'um.
358 430 694 498 deprecabor.
793 429 994 481 Videor
1037 433 1184 480 enim
1233 427 1453 479 manda-

109 537 231 574 tum
267 524 486 591 proprie
528 537 715 571 meum
743 532 1091 580 executuru5‚
1169 519 1207 570 fi
1246 537 1454 579 eorum,

107 633 247 681 quos
279 613 535 681 usurpare
561 612 702 662 mihi
729 614 977 679 contigit,
1027 629 1141 663 non
1175 612 1457 679 poeniten-

112 705 235 754 dam
277 706 537 754 notitiam·
561 701 774 752 dedero.
869 704 1053 773 Qualis
1085 701 1207 753 effet
1239 701 1458 754 Codicis

107 794 348 844 Gothani
378 794 635 852 conditiO‚
675 792 948 854 Gesneru5‚
989 796 1086 860 qui
1104 795 1313 862 primus
1332 808 1460 842 eum

85 912 89 913 ν
115 885 345 934 contulit
370 886 669 949 integrum,
707 882 827 933 satis
852 885 913 933 in
940 883 1269 949 praefatione
1298 898 1462 949 expo-

111 973 234 1023 suit.
350 977 478 1037 Ejus
516 983 695 1022 tamen
741 974 953 1039 copiam
994 990 1122 1023 cum
1163 973 1281 1023 fieri
1322 973 1464 1024 mihi

111 1061 254 1131 poffe
289 1062 578 1131 sperarem,
630 1061 740 1112 adii
772 1064 959 1114 virum
998 1063 1140 1117 mihi
1177 1066 1238 1114 in
1273 1065 1463 1130 primis

113 1153 386 1206 faventem
420 1154 756 1204 Fridericum
784 1154 1220 1220 Schlichtegroll‚
1258 1152 1466 1204 Profes-

112 1243 288 1294 sorem
305 1255 360 1294 et
377 1244 852 1295 Bibliothecarium
863 1245 1190 1304 Gothanum,
1223 1254 1286 1295 ut
1305 1242 1467 1293 usum

113 1335 242 1384 libri
267 1333 484 1402 pretiosi
518 1336 827 1402 impetraret
847 1335 1002 1384 mihi.
1080 1334 1254 1384 Facile
1285 1344 1467 1384 autem

115 1422 266 1475 dedit
291 1426 397 1475 hoc
429 1426 562 1476 meis
588 1436 641 1475 et
665 1427 835 1476 amici
861 1425 1108 1492 precibus
1139 1421 1468 1491 praestantis-

115 1514 279 1566 fimus
313 1516 604 1575 Geislerus,
661 1515 978 1566 Sereniffimi
1017 1517 1187 1566 Ducis
1220 1533 1249 1564 a
1285 1511 1469 1566 Consi-

115 1607 204 1656 liis
238 1607 424 1656 aulicis
457 1617 510 1655 et
543 1606 904 1657 Bibliothecae
936 1605 1177 1656 Antistes.
1263 1608 1469 1655 Iterum

35 1723 38 1726 >
122 1714 246 1748 cum
279 1695 597 1746 Gesneriana
623 1689 869 1746 'editione
908 1697 1162 1746 contendi
1194 1695 1472 1752 codicem,

123 1803 184 1835 ea
225 1796 483 1835 annotans
532 1785 764 1852 lingula,
828 1803 1179 1852 quaecunque
1227 1781 1476 1835 omififfet

124 1875 411 1934 Gesnerus‚
447 1877 508 1924 in
538 1893 648 1941 quo
675 1876 859 1925 labore
884 1877 974 1925 vel
1004 1875 1272 1926 viliffimas
1302 1876 1476 1925 varie-

126 1976 254 2016 tates
291 1954 676 2015 transcribendi
712 1965 953 2014 taedium
996 1963 1254 2016 devorare
1290 1967 1477 2024 malui,

130 2072 294 2122 quam
337 2055 635 2121 quidquam
670 2055 1101 2121 praetermittere.
1191 2057 1476 2118 conjectus

131 2142 205 2192 est
242 2146 303 2194 in
348 2144 579 2195 chartam
619 2147 806 2210 ingens
853 2146 1213 2196 aberrantium
1253 2144 1478 2212 scriptu-

129 2251 315 2284 rarum
370 2251 591 2284 acervus
650 2237 940 2284 maximam
995 2235 1221 2301 quidem
1271 2245 1477 2302 partem

130 2322 393 2384 sutilium,
432 2341 556 2375 cum
574 2323 974 2392 praestantiores
996 2318 1333 2392 praecepiffet
1357 2323 1478 2374 Ges·

130 2429 308 2464 nerus.
384 2416 484 2464 Eas
528 2431 715 2466 omnes
747 2416 936 2464 lectori
974 2411 1251 2467 effundere
1285 2417 1476 2482 religio

133 2502 253 2573 fuit.
331 2503 571 2571 Apposui
596 2517 772 2555 tamen
796 2506 1106 2572 ubicunque
1128 2504 1336 2572 aliquid
1361 2523 1478 2555 mo-

136 2595 306 2644 menti
330 2595 390 2644 in
424 2596 491 2644 iis
521 2597 664 2646 verti
696 2595 999 2655 crederem,
1058 2611 1287 2645 monens
1323 2593 1477 2644 simul

92 2691 97 2694 “
141 2682 177 2732 fi
202 2701 331 2751 quas
353 2682 611 2743 Gesnerus
636 2701 748 2736 non
772 2684 1075 2746 annotasset,
1113 2703 1227 2736 non
1250 2701 1315 2738 eo
1341 2695 1481 2736 certe
