1656 2990
274 249 376 299 480
588 241 662 287 Μ.
694 243 825 287 FAB.
860 242 1268 302 QUINTILIANI

273 365 489 423 interim
509 362 690 428 sponte
710 362 881 412 nostra
902 365 1051 412 velut
1075 363 1338 420 donantes,
1372 364 1586 414 interim

275 439 342 487 ad
367 454 452 496 ea,
497 455 627 503 quae
655 437 777 487 sunt
811 441 1127 503 potentiora,
1167 439 1388 503 gradum
1415 456 1478 488 ex
1501 441 1585 488 his

242 511 447 562 sfeciss'e
475 516 717 563 contenti.
796 515 1023 579 Simplex
1048 525 1220 563 autem
1245 511 1390 562 causa
1409 518 1584 564 etiam-

276 589 315 636 fi
341 589 482 637 varie
513 588 839 647 defenditur,
889 607 1000 639 non
1037 589 1202 655 potest
1242 589 1430 637 habere
1466 590 1585 654 plus

274 682 414 721 uno,
454 663 520 711 de
554 681 658 728 quo
685 666 1093 729 pronuncietur:
1142 676 1296 730 atque
1332 664 1458 712 inde
1487 666 1586 712 erit
1633 664 1637 666 ’

264 735 442 808 status
463 736 674 810 causae,
715 740 862 804 quod
889 751 940 788 et
971 750 1143 790 orator
1177 740 1454 804 praecipue
1489 739 1583 787 fibi

276 814 651 872 obtinendum,
698 826 748 862 et
781 815 939 876 judex
985 814 1322 880 spectandum
1359 816 1656 881 maxime23g

217 890 535 954 wintelligit.
584 891 642 937 in
660 890 763 938 hoc
787 891 929 938 enim
950 889 1094 938 causa
1116 888 1358 940 consistet.
1422 891 1583 938 Cete-

271 981 395 1014 rum
424 963 782 1028 quaestionum
806 963 1013 1030 poss'unt
1036 963 1131 1013 effe
1157 963 1358 1015 diversi.
1424 964 1583 1034 Quod.

272 1051 335 1089 ut
357 1040 647 1089 breviffimo
669 1051 836 1106 pateat
854 1043 1121 1106 exemplo:
1161 1058 1282 1089 cum
1297 1038 1424 1088 dicit
1446 1057 1583 1097 reus,

272 1113 490 1188 Etiamsi
517 1113 659 1185 feci,
732 1127 864 1165 recte
890 1113 1009 1185 feci
1020 1135 1042 1178 ,·
1117 1117 1375 1181 qualitatis
1415 1116 1582 1165 utitur

270 1308 414 1347 praeter
430 1300 530 1337 Voss'.
553 1309 589 1344 5.
614 1312 697 1335 cum
724 1299 795 1336 hoc
820 1299 901 1335 edd.
922 1309 1012 1335 vett.
1035 1308 1117 1335 ante
1135 1299 1317 1335 Stoerium
1336 1309 1460 1334 omnes
1478 1308 1580 1333 tract.

262 1354 349 1404 fint.
406 1355 486 1389 Post
502 1355 600 1390 hunc
620 1356 760 1403 primus
779 1357 907 1390 Burm.
930 1355 1119 1390 revocavit
1141 1354 1442 1401 conjunctivum,
1469 1366 1579 1402 quem

267 1410 352 1444 sunt
379 1410 535 1449 imitati,
573 1411 638 1457 qui
666 1410 832 1458 deinceps
860 1410 1063 1444 ediderunt.
1121 1410 1194 1456 Qui
1212 1409 1288 1458 fine
1316 1408 1579 1456 praetulerunt,

266 1463 426 1498 retuliss‘e
455 1464 632 1499 videntur
662 1465 705 1499 ad
737 1466 955 1511 confidimus.
1012 1467 1143 1499 Fateor
1177 1465 1285 1500 etiam
1316 1464 1355 1498 in
1382 1463 1500 1498 nostra
1526 1475 1580 1497 ra-

267 1518 369 1553 tlone
399 1519 503 1563 (vid.
534 1529 610 1553 not.
641 1522 726 1566 ex.)
754 1519 1032 1565 conjunctivum
1060 1519 1158 1567 posse
1185 1518 1330 1554 defendi
1349 1531 1395 1553 ex
1417 1518 1578 1553 oratioue

266 1575 439 1622 suspensa,
469 1574 526 1608 sed
549 1575 754 1622 expeditior
773 1574 939 1621 profecto
959 1575 1006 1609 est
1023 1574 1258 1610 indicativus.

351 1643 586 1677 obtinendum.
644 1641 766 1678 Guelf.
801 1642 1059 1689 opponendum.
1098 1655 1182 1677 cum
1211 1644 1334 1676 Ioann.
1363 1642 1462 1679 Voss'.
1486 1655 1519 1677 ι.
1539 1651 1576 1686 5.

266 1707 306 1732 et
334 1697 390 1732 ed.
422 1707 564 1745 praeter
593 1697 671 1732 aliis
701 1707 915 1731 memoratas
942 1698 1053 1732 Tarv.
1081 1697 1129 1741 (a
1160 1698 1253 1736 Jens.
1285 1692 1492 1737 deficiente,
1515 1699 1579 1734 ·cf.

267 1753 301 1797 §.
323 1753 348 1788 6
376 1753 594 1797 ducendum)
633 1752 743 1788 Goth.
771 1750 971 1789 cuni'VoH'.
996 1761 1031 1786 2.
1060 1750 1192 1796 (solito
1219 1751 1354 1786 horum
1383 1754 1580 1801 consensu)

265 1808 543 1856 proponendum,
572 1820 680 1855 quam
704 1807 915 1854 scripturam
940 1818 1066 1856 margo
1096 1807 1255 1854 Gryphii
1282 1817 1318 1841 et
1346 1808 1473 1846 Burm.
1501 1820 1583 1842 mo-

266 1873 356 1897 nent
376 1862 443 1897 effe
466 1863 574 1897 etiam
594 1864 634 1896 in
654 1862 778 1899 Vallae
797 1862 908 1896 libro.
965 1863 1085 1900 Hunc,
1114 1863 1179 1908 qui
1196 1863 1250 1901 fit.
1277 1862 1441 1896 nondum
1462 1863 1578 1898 habeo

265 1927 516 1965 compertum,
553 1931 635 1952 cum
663 1917 820 1955 Badius,
858 1918 960 1963 cujus
994 1917 1084 1952 cod.
1114 1915 1316 1954 Vallensem
1344 1918 1456 1958 novi,
1499 1918 1578 1965 ejus

264 1973 404 2007 nullam
427 1972 555 2008 habeat
575 1973 611 2007 h.
633 1973 658 2007 l.
678 1972 913 2006 mentionem.
971 1972 1152 2019 Equidem
1178 1984 1303 2007 veram
1332 1971 1496 2008 existimo
1522 1985 1578 2007 re-

265 2038 427 2076 ceptam,
459 2040 569 2075 quam
596 2029 662 2062 elle
682 2029 722 2061 in
743 2026 841 2062 Alm.
872 2027 995 2062 Turic.
1027 2026 1130 2062 Bodl.
1157 2026 1234 2062 Bal.
1257 2037 1293 2062 et
1311 2026 1452 2074 aliquot
1478 2039 1578 2076 prae·
1640 2024 1642 2028 ’

265 2093 382 2122 terea,
416 2097 462 2118 ex
482 2096 612 2117 eorum
641 2083 706 2130 qui
735 2081 971 2116 contulerunt
999 2081 1140 2117 filentio
1162 2092 1258 2117 recte
1285 2081 1454 2133 colligere.
1482 2083 1577 2117 mihi

262 2139 407 2174 videor.
473 2138 565 2173 Edd.
599 2137 738 2186 aliquot
764 2147 905 2171 veteres
937 2138 1162 2184 optinendum
1190 2137 1399 2185 praeferunt
1435 2138 1506 2183 (cf.
1543 2151 1577 2176 ι,
1646 2161 1649 2172 1

266 2203 312 2237 7,
343 2196 408 2237 7.)
437 2203 479 2228 ut
505 2195 598 2231 Jens.
627 2195 716 2228 Loc.
747 2193 875 2228 Venet.
959 2192 1046 2226 Inde
1076 2203 1202 2227 natum
1232 2194 1388 2240 suspicor
1416 2188 1578 2228 errorem

262 2247 502 2283 librariorum
531 2248 788 2295 compendium
818 2247 857 2280 in
892 2246 1009 2282 Codd.
1038 2247 1131 2287 fuis,
1161 2247 1227 2282 ubi
1253 2262 1278 2295 p
1308 2247 1411 2286 effet,
1441 2255 1517 2282 non
1543 2249 1575 2286 b.

262 2303 357 2338 male
395 2304 729 2351 interpretantium.
794 2303 1085 2349 Proponendum,
1134 2303 1234 2349 quod
1265 2303 1422 2338 Gesnero
1449 2303 1577 2350 placet,

261 2371 399 2393 meram
417 2369 508 2406 puto
530 2359 802 2395 correctionem,
824 2370 842 2390 a
862 2355 1003 2391 librarii
1030 2357 1180 2408 ingenio
1200 2358 1412 2405 profectam,
1440 2370 1576 2405 pravae

261 2413 363 2448 illius
383 2414 595 2462 scripturae:
625 2412 881 2461 opponendum.
936 2412 1138 2461 Propoficio
1169 2422 1242 2447 tam
1271 2411 1343 2447 late
1362 2424 1437 2447 non
1461 2422 1572 2461 patet,

263 2481 375 2517 quam
392 2470 509 2504 noster
529 2470 574 2504 de
591 2468 765 2504 industria
786 2475 913 2502 tractat
938 2465 964 2501 l.
984 2471 1023 2514 4.
1054 2480 1083 2502 c.
1105 2473 1143 2515 4.

265 2632 372 2673 haec,
408 2642 489 2670 *tum
517 2635 694 2671 nimirum
723 2648 798 2670 cum
821 2634 894 2680 jam
949 2642 1145 2669 tractamus
1173 2633 1341 2682 quidem,
1380 2631 1439 2668 [etl
1465 2631 1574 2666 etiam

266 2699 416 2724 tractata
439 2690 536 2738 sunt.
597 2692 817 2727 omittuntur
834 2703 894 2724 au·
949 2702 1052 2736 quae,
1079 2690 1224 2724 tractari
1237 2699 1373 2736 coepta,
1400 2699 1476 2720 non
1494 2699 1574 2734 pei·-

268 2754 341 2778 tem
376 2758 451 2781 non
478 2746 595 2782 [olum
624 2759 682 2785 ea,
728 2758 819 2794 quae
847 2738 894 2780 ne
947 2746 1146 2792 sequimur.
1201 2745 1279 2781 vid.
1309 2753 1356 2779 et.
1383 2751 1459 2777 not.
1481 2741 1573 2778 Crit.
