1656 2990
522 237 984 284 PRAEFATIO.
1309 251 1438 283 nux

85 376 186 428 pro
217 361 399 428 aliquo
427 362 640 428 piaculo
672 364 1046 428 exprobratum
1075 364 1158 412 iri.
1238 362 1429 429 Magni

83 449 204 501 sane
246 450 384 502 facio
421 454 629 511 virum,
669 455 870 512 Latini,
915 456 1027 504 imo
1068 453 1277 521 Graeci,
1319 470 1427 501 car-

80 543 244 592 minis
295 561 411 617 non
463 543 853 609 poenitendum
906 542 1184 602 artificem,
1263 560 1428 608 quem

78 631 384 698 praesertim
422 633 728 684 nostrorum
762 635 1086 700 principum,
1133 634 1286 682 velut
1313 633 1426 682 Fri-

81 721 250 771 derici
287 724 545 771 Gulielmi
582 725 777 790 magni,
821 741 903 774 res
943 723 1103 790 gestas
1142 723 1425 789 nostraque

79 811 332 871 instituta,
358 813 509 863 velut
524 813 857 889 Academiam
882 812 1308 872 Fridericianam,
1333 814 1423 863 vel

79 903 363 967 praecipue
404 903 780 961 celebrantem,
840 906 998 952 etiam
1038 906 1250 953 caritate
1295 920 1423 968 qua-

78 990 201 1040 dam
241 993 437 1057 patriae
477 993 765 1042 exosculari
807 993 1042 1042 debeam.
1156 994 1259 1042 Sed
1299 993 1423 1041 dili-

75 1083 282 1147 gentia,
330 1080 367 1129 Γι
408 1082 541 1147 quid
578 1083 766 1141 video,
824 1093 875 1131 et
917 1083 1160 1133 acumine
1199 1084 1258 1132 in
1297 1084 1423 1131 alie-

71 1173 156 1222 nis
189 1169 420 1221 sensibus
461 1171 839 1238 perspiciendis
885 1184 937 1221 et
984 1173 1291 1230 divinandis
1340 1191 1423 1221 ca-

70 1263 182 1312 ruit
220 1262 386 1313 homo
427 1264 626 1328 poetici
665 1265 830 1329 magis
868 1265 1071 1322 caloris,
1111 1281 1273 1329 quam
1305 1265 1423 1313 Cri-

68 1353 200 1403 ticae
241 1355 600 1404 accurationis.
713 1359 820 1404 Tot
860 1364 1035 1403 autem
1076 1354 1418 1403 eruditorum

68 1443 341 1494 laboribus
378 1445 438 1492 in
478 1461 599 1493 meo
639 1443 893 1510 scriptore
934 1445 1231 1502 collocatis,
1298 1442 1416 1493 fieri

66 1549 182 1582 non
223 1535 430 1599 potuit,
487 1536 621 1601 quin
663 1536 899 1601 plurima
939 1540 1044 1596 jam
1082 1534 1202 1585 [atis
1240 1534 1417 1599 expla-

67 1632 187 1673 nata
226 1626 528 1690 reperirem.
625 1617 751 1694 Qu'o
790 1627 849 1674 in
894 1643 1086 1692 genere
1134 1625 1276 1675 nihil
1329 1624 1415 1672 ul-

66 1722 146 1761 tra
183 1714 371 1763 lectori
410 1715 702 1764 debebatur
742 1733 770 1762 a
810 1734 924 1774 me,
975 1733 1137 1781 quam
1168 1726 1230 1765 ut
1258 1712 1410 1762 hasce

66 1819 195 1869 opes
227 1821 389 1868 quam
419 1803 790 1870 religiofiffime
827 1807 886 1854 in
920 1810 1030 1866 ejus
1059 1804 1410 1856 commodum

59 1904 444 1943 converterem.
562 1897 628 1942 Et
681 1905 822 1942 recte
877 1895 1070 1944 videor
1119 1912 1206 1944 me
1263 1893 1407 1942 tueri

67 1984 388 2051 Quintiliani
427 1984 535 2032 mei
576 1984 746 2034 dicto:
813 1989 1078 2043 „Pi-avum
1118 1984 1191 2034 est
1232 1982 1406 2049 quod·-

67 2071 221 2130 „dam
241 2071 479 2144 studium
501 2075 640 2122 nihil
662 2092 852 2124 eorum
883 2093 1018 2140 quae
1042 2076 1192 2142 prior
1214 2073 1408 2137 aliquis

64 2164 367 2228 „occuparit
385 2161 624 2223 dicendi3
663 2182 794 2230 quae
818 2166 1035 2215 ambitio
1064 2165 1256 2232 procul
1286 2163 1406 2211 abe-

61 2252 165 2310 „rit
194 2269 223 2300 a
254 2269 354 2301 me.
447 2255 637 2303 Dicam
671 2257 816 2305 enim
844 2273 956 2304 non
986 2257 1209 2320 utique,
1267 2267 1403 2318 quae

62 2343 369 2403 „invenerQ
407 2342 498 2394 sed
520 2362 654 2411 quae
668 2346 983 2413 placebunt“
1014 2360 1064 2403 2,
1093 2357 1176 2404 15,
1202 2357 1290 2405 37.
1312 2354 1400 2400 58.

174 2526 383 2573 Praeter
439 2525 701 2575 editiones
754 2524 910 2587 justas
956 2523 1226 2591 scriptoris
1275 2524 1399 2582 mei,

63 2609 333 2663 affuerunt
357 2616 494 2664 mihi
517 2617 674 2663 etiam
702 2615 920 2680 quidam
958 2615 1295 2665 eruditorum
1334 2614 1402 2660 li-

59 2701 216 2762 belli,
265 2706 464 2769 quibus
503 2705 742 2767 ejusdem
779 2706 1242 2772 interpretationes
1276 2720 1402 2754 con·
