1656 2990
285 217 451 264 INST.
488 176 766 261 ORATOR,
800 211 922 258 LIB.
952 209 1040 266 ΙΙΙ,
1078 223 1152 253 ιι.
1298 207 1395 259 625

57 347 336 403 continem,
392 339 543 408 quod
578 341 816 406 primum
852 334 938 395 fit,
1009 335 1071 384 ab
1101 331 1397 384 accusatore

55 423 288 473 dicatur:
341 422 502 478 ratio,
551 435 580 466 a
611 434 704 467 reo
717 434 731 476 ;
780 432 844 465 ex
874 414 1092 464 rationis
1131 422 1183 461 et
1222 409 1399 461 firma·

27 545 29 548 Α
51 500 224 551 menti
250 495 573 564 quaestione,
611 490 911 567 disceptatio
932 491 994 541 fit
1006 490 1394 556 judicationum.

51 577 245 629 'Verius
263 577 431 642 igitur
453 585 506 623 et
526 573 740 623 brevius
755 609 770 630 ,
809 572 904 637 qui
927 569 1117 619 statum
1144 579 1196 617 et
1226 567 1399 617 conti-

51 660 186 704 nens
228 663 280 702 et
318 652 701 714 judicationem
749 649 895 697 idem
937 645 1035 696 effe
1073 646 1396 696 voluerunt:

53 734 309 782 continens
340 741 518 779 autem
550 728 609 777 id
643 724 766 785 effe,
814 743 924 793 quo
957 724 1161 775 sublato
1194 724 1262 773 lis
1298 720 1397 772 ess'e

51 825 167 859 non
211 806 373 876 poffit.
464 809 581 856 Hoc
626 805 765 855 mihi
812 803 1068 854 videntur
1114 811 1398 867 utramque
1410 816 1462 842 20

140 999 235 1033 ratio
263 1011 286 1032 a
315 1009 378 1033 reo
405 1009 454 1032 eoo
486 997 648 1032 rationis.
706 994 835 1030 Turic'.
865 991 998 1042 r-ideo
1026 1006 1058 1028 e.
1088 990 1287 1029 rationibus
1315 1001 1403 1024 cum

54 1052 156 1090 Alm.
190 1067 237 1088 ex
262 1066 340 1101 quo
370 1065 496 1089 errore
525 1051 611 1088 ΑΜ.
646 1061 721 1087 utr.
750 1050 888 1086 retinet
919 1050 1000 1085 ideo
1028 1061 1100 1098 pro
1129 1063 1153 1084 a
1178 1061 1261 1088 reo,
1291 1046 1404 1086 solus,

58 1120 239 1156 quantum
259 1110 386 1146 video.
445 1111 558 1146 Tarv.
585 1108 730 1145 omittit
757 1108 848 1143 haec
867 1106 992 1143 omnia
1021 1109 1177 1155 primum
1186 1104 1240 1156 fit
1262 1123 1317 1132 -
1356 1118 1403 1139 zr-

57 1169 225 1202 mamentz'
254 1179 321 1215 per
353 1165 530 1216 sphalma.
585 1166 630 1201 cf.
655 1174 690 1209 3,
727 1177 787 1204 10,
817 1170 856 1212 4.

145 1219 361 1269 disceptatio
378 1222 442 1273 fit.
485 1222 599 1259 Goth.
621 1224 705 1267 (tac.
722 1222 850 1269 Gesn.)
879 1220 914 1255 d.
930 1221 983 1267 fit
1004 1232 1089 1255 cum
1103 1219 1204 1258 Voss'.
1228 1228 1264 1253 2.
1297 1215 1404 1252 male.

132 1277 395 1322 'judicationem
421 1279 516 1327 idem
546 1277 628 1329 effe.
688 1277 813 1314 Guelf.
854 1276 967 1313 Goth.
1003 1277 1098 1314 Jens.
1140 1279 1237 1322 (tac.
1270 1275 1407 1317 Gesn.)

60 1333 241 1370 omittunt
267 1333 360 1369 idem
388 1346 475 1369 cum
509 1335 590 1370 edd.
620 1334 713 1369 meis
737 1343 820 1368 ante
842 1333 930 1369 Bad.
951 1331 1139 1372 omnibus,
1169 1344 1245 1379 quo
1267 1330 1408 1366 accedit

60 1388 146 1425 Ald-
169 1390 231 1425 sec.
286 1389 424 1425 Badius
442 1391 594 1438 recepit,
621 1390 724 1439 quod
743 1390 885 1441 Regius
908 1389 1065 1424 inserere
1083 1389 1249 1427 suaserat,
1281 1386 1406 1422 ecod.

60 1443 234 1484 Vallenfi,
262 1443 377 1480 abeffe
395 1446 494 1494 poss‘e
512 1457 673 1498 negans;
703 1456 814 1481 recte.
871 1447 1013 1480 Utrum
1036 1445 1076 1479 in
1097 1445 1226 1480 Turic.
1251 1445 1293 1479 fit
1313 1444 1407 1479 idem

62 1499 227 1538 dubitari
254 1501 391 1549 Potest,
421 1514 504 1536 cum
527 1503 632 1550 prior
662 1501 810 1537 collatio
839 1501 938 1536 nihil
960 1501 1001 1535 in
1020 1500 1103 1536 loco
1125 1500 1407 1539 animadvertat.

61 1557 240 1608 posterior
258 1556 433 1592 omissum
454 1558 641 1608 significet.
699 1558 909 1593 Desiderari
939 1567 1063 1592 tamen
1085 1567 1122 1592 et
1150 1557 1208 1594 ibi
1228 1557 1410 1592 verisimi-

62 1610 158 1654 Rus,
186 1625 398 1662 quanquam
416 1626 462 1648 ne
483 1612 583 1648 Alm.
607 1613 759 1663 quidem
783 1614 919 1650 vocula
943 1625 1066 1649 carere
1087 1624 1270 1658 narratur.
1327 1613 1411 1649 Bri-

63 1670 203 1706 tannici
226 1668 344 1706 Codd.
358 1669 522 1709 Voffiani
541 1680 578 1706 et
597 1673 708 1706 Bern.
730 1669 894 1710 meatur,
924 1670 964 1704 in
985 1682 1147 1718 quorum
1170 1670 1314 1718 aliquot
1333 1682 1412 1705 non

62 1726 199 1766 dubito
221 1726 315 1775 quin
333 1725 492 1778 legatur.
546 1726 681 1763 Saltem
702 1737 851 1762 auctore
869 1726 1028 1767 Vallenfi
1046 1727 1163 1776 potest
1183 1719 1372 1775 acq'uiesci.

147 1784 348 1820 voluerunt.
406 1783 534 1819 Turio.
558 1783 682 1820 Guelf.
708 1785 886 1821 voluerint
910 1796 995 1819 cum
1015 1783 1116 1819 Alm.
1138 1783 1198 1818 sed
1218 1783 1258 1818 in
1280 1784 1409 1819 Turic.

61 1853 84 1876 a
102 1852 215 1875 manu
245 1840 311 1875 sec.
335 1842 541 1888 repofitum
571 1856 595 1875 u
624 1842 731 1890 super
759 1844 784 1877 i.
842 1839 948 1877 Bam.
979 1842 1190 1880 noluerunt,
1219 1853 1265 1876 ex
1286 1852 1414 1876 errore

35 1945 37 1947 Ι
62 1897 250 1948 profecto,
281 1908 490 1944 quanquam
518 1896 562 1932 in
592 1906 764 1945 utraque.

150 1955 229 1990 Hoc
257 1972 313 1982 —-
339 1953 506 1989 videntur
533 1973 590 1981 —
617 1955 810 2002 complexi.
868 1954 929 1989 Sic
960 1953 1088 1989 Turic-
1123 1967 1208 1989 cum
1236 1954 1338 1991 Alm.
1370 1964 1410 1990 et

65 2009 159 2050 Obr.
182 2019 231 2050 et,
259 2019 304 2045 ut
324 2009 480 2058 quidem
498 2009 653 2046 videtur
674 2010 791 2046 Andr.
838 2011 886 2046 H.
907 2029 964 2038 —
993 2023 1028 2045 v.
1053 2029 1108 2038 -—
1130 2012 1319 2059 complecti
1346 2011 1409 2047 dat

65 2066 190 2104 Guelf.
257 2068 305 2102 H.
335 2086 391 2117 ὲ-
418 2067 559 2103 videtur
587 2087 643 2095 —-
672 2068 860 2116 complecti
895 2066 1010 2104 Goth.
1040 2068 1135 2107 Jens.
1172 2067 1245 2114 (de
1274 2070 1406 2117 compl.

65 2134 134 2160 tac.
166 2123 303 2172 Geta.)
331 2124 536 2163 cumV011'.
560 2133 597 2159 2.
628 2134 664 2159 et
689 2123 771 2159 edd.
801 2123 894 2159 meis
926 2133 1008 2159 ante
1038 2123 1185 2174 Gryph.
1218 2124 1408 2160 omnibus.

62 2180 139 2217 Hic
164 2180 309 2229 primus
338 2180 386 2215 Hi
412 2199 469 2210 —
495 2180 662 2217 videntur
685 2201 740 2210 ——
769 2181 950 2230 complexi
977 2181 1081 2230 quod
1110 2181 1281 2232 deinceps
1312 2194 1410 2218 rece-

63 2246 202 2287 perunt
227 2249 358 2274 omnes
386 2249 464 2275 exc.
499 2237 594 2275 Obr.

122 2392 201 2428 Hoc
239 2411 296 2420 —
333 2402 516 2443 utramque
549 2391 705 2442 causam.
762 2392 880 2429 altero
907 2393 1077 2442 usurpari
1106 2392 1228 2442 poss‘e,
1278 2393 1413 2445 fignifi-

65 2447 186 2483 Potest
201 2449 342 2483 mirum
355 2450 479 2484 videri
490 2450 604 2498 quod,
619 2462 704 2485 cum
763 2461 845 2485 cant
858 2475 868 2489 ‚
896 2462 1008 2497 quam
1035 2463 1184 2485 omnem
1207 2451 1408 2486 nominum

66 2503 138 2538 αὖ
163 2504 246 2545 ista,
287 2503 376 2554 stat.
405 2517 497 2541 cone.
528 2507 704 2552 judicat„
762 2506 1010 2542 differentiam
1053 2506 1206 2542 tollunt.
1265 2509 1321 2542 Ita
1363 2507 1410 2542 de

64 2558 165 2615 idem
184 2561 282 2596 dicta
302 2573 425 2597 narret
446 2562 490 2597 ab
510 2563 579 2602 iis,
607 2574 703 2610 quos
753 2560 878 2612 flatus
907 2572 943 2597 et
975 2563 1208 2608 judicationis
1238 2565 1410 2599 consensu

1 2613 17 2629 ³
65 2615 220 2661 probat,-
236 2626 362 2653 tamen
381 2621 590 2655 continentis
612 2620 707 2655 seor·
761 2618 1012 2654 nihilominus
1034 2619 1177 2668 aliquid
1201 2619 1409 2667 subjicitur,

22 2690 23 2693 ¹
72 2665 135 2727 {im
153 2674 335 2708 rationem
357 2674 492 2710 reddit.
527 2676 597 2711 Sed
618 2688 706 2711 cum
762 2686 798 2711 et
814 2689 908 2711 mox
924 2676 974 2720 (ᾗ.
996 2678 1069 2724 24)
1087 2675 1225 2725 „causa
1243 2676 1306 2712 vel
1330 2691 1411 2711 con-

71 2719 170 2756 fflem
194 2730 259 2761 effe
280 2731 550 2773 pronunciant,
588 2732 706 2782 magis
761 2735 901 2772 „linens
923 2732 1084 2773 dicitur,
1110 2733 1213 2780 quod
1232 2733 1338 2768 litem
1364 2733 1408 2766 fa-

71 2777 199 2824 eodem
216 2778 356 2818 ¹:effin-
389 2787 617 2837 alterumque
636 2801 706 2836 pro
761 2790 858 2829 „ciat
871 2796 893 2811 “
953 2788 1021 2824 ubi
1065 2789 1198 2826 itidem
1259 2786 1410 2822 additur
