1656 2990
264 236 353 279 172
569 222 642 266 M.
676 223 806 266 FAB.
845 218 1252 282 QUINTILIANI

255 342 455 392 scimus.
533 348 669 408 Ergo
697 342 1128 392 consuetudinem
1155 336 1426 404 sermonis,
1466 363 1562 396 vo-

195 453 198 456 .
256 420 382 466 cabo
418 418 719 467 consensum
746 418 1073 469 eruditorum
1084 437 1098 478 ;
1149 417 1277 469 ficut
1318 422 1558 480 vivendi,

257 492 561 541 consensum
589 494 866 542 bonorum.

365 645 470 689 VII.
533 645 720 700 Nunc,
759 644 1009 707 quoniam
1043 642 1294 699 diximus,
1341 660 1472 707 quae
1507 642 1562 692 sit

196 715 203 737 ⁵
251 717 509 781 loquendi
541 720 740 783 regula,
782 718 1087 775 dicendum,
1134 735 1264 781 quae
1298 717 1561 766 scribenti-

249 792 348 841 bus
399 793 759 842 custodienda:
827 793 973 857 quod
1028 795 1207 840 Graeci
1251 792 1560 862 ἆξθογραφίκν

251 877 461 925 vocant,
502 886 597 916 nos
618 880 747 916 recte
762 866 1020 940 scribendi
1032 929 1040 937 ·
1042 864 1298 938 scientiam
1321 869 1553 916 nomine-

248 959 379 991 mus.
473 945 632 1004 Cujus
673 961 750 992 ars
789 961 898 992 non
935 946 991 991 in
1023 944 1123 991 hoc
1161 941 1320 1007 posita
1356 941 1450 999 est,
1486 953 1559 992 sut

246 1019 578 1075 noverimus,
638 1021 827 1083 quibus
870 1035 1105 1082 quaeque
1158 1017 1363 1082 syllaba·
1394 1019 1556 1066 literis

248 1091 443 1141 constet
495 1096 647 1153 (nam
694 1095 751 1141 id
797 1094 1013 1158 quidem
1059 1092 1193 1141 infra
1240 1093 1557 1156 grammatici

247 1167 478 1216 officium
513 1168 610 1229 est)
649 1167 738 1216 sed
772 1180 954 1224 totam,
993 1178 1051 1216 ut
1078 1185 1191 1214 mea
1221 1167 1321 1214 fert
1354 1169 1616 1231 opinio,85

213 1242 582 1292 nsubtiliiatem
611 1245 668 1291 in
699 1245 873 1292 dubiis
904 1244 1080 1291 habet:
1122 1252 1180 1290 ut
1205 1243 1373 1306 longis
1404 1241 1557 1306 sylla-

242 1318 322 1366 bis
369 1320 613 1367 omnibus
651 1336 910 1383 apponere
953 1320 1152 1382 apicem
1189 1315 1556 1381 ineptiffimum

241 1392 337 1449 est,
363 1395 501 1457 -quia
536 1395 792 1457 plurimae
829 1404 1011 1441 natura
1045 1391 1151 1456 ipsa
1190 1393 1366 1448 verbi,
1408 1391 1554 1456 quod

240 1466 505 1525 scribitur,
552 1479 750 1532 patent:
809 1467 896 1515 sed.
942 1469 1152 1516 interim
1205 1465 1553 1524 neceffarium‚

242 1561 364 1591 cum
403 1543 581 1590 eadem
623 1545 768 1591 litera
808 1545 970 1591 alium
1009 1553 1159 1605 atque
1198 1543 1360 1590 alium
1398 1542 1551 1589 intel-

239 1618 460 1675 lectum,
511 1629 671 1682 prout
717 1630 972 1683 correpta,
1020 1618 1105 1665 vel
1154 1616 1406 1680 producta
1454 1604 1550 1673 est,

237 1692 385 1741 facit:
441 1704 501 1742 ut
547 1694 732 1751 malus,
779 1705 959 1742 utrum
1005 1693 1241 1741 arborem
1279 1690 1549 1756 significet,

313 1833 381 1881 sed
401 1837 547 1868 interim.
582 1833 693 1868 Goth.
717 1838 810 1878 (tac.
826 1835 949 1877 Geta.)
968 1847 1050 1868 cnm
1069 1832 1141 1867 fido
1161 1834 1223 1867 suo
1244 1831 1379 1867 Achate
1397 1831 1494 1869 Vols.
1511 1841 1547 1866 2.

229 1888 286 1938 fic
314 1891 460 1923 interim.
518 1891 594 1923 Hac
624 1890 795 1936 scriptura
819 1899 893 1923 tota
922 1888 1246 1939 argumentationis
1267 1887 1360 1920 ratio
1380 1886 1550 1921 immuta-

237 1953 310 1978 tur.
369 1946 410 1977 In
443 1954 583 1990 recepta
612 1944 683 1978 hoe
705 1945 748 1978 de
775 1947 872 1991 apice
899 1943 1147 1978 similitudinis
1176 1943 1273 1976 causa
1305 1941 1419 1976 solum
1448 1942 1549 1975 affer-

237 2008 319 2036 tur,
352 2008 393 2032 ut
413 1998 573 2033 officium
596 1995 829 2048 ἆρθογραφιόις
847 1999 883 2032 in
905 1999 1026 2033 dubiis
1048 2007 1187 2032 tantum
1210 1997 1276 2031 effe
1294 1996 1475 2030 doceatur.
1509 1996 1548 2031 Si

228 2052 284 2102 fic
314 2052 426 2102 legis,
453 2055 525 2100 jam
554 2055 626 2100 ipsa
657 2055 864 2104 argumenti
892 2054 1056 2088 tractatio
1077 2053 1242 2089 orditur,
1271 2060 1306 2085 et
1327 2050 1373 2085 est
1395 2060 1476 2085 ante
1502 2052 1546 2085 Ut

235 2107 337 2154 (quo
368 2109 534 2155 deinceps
563 2109 718 2143 refertur
739 2109 819 2158 fia.)
846 2110 1003 2143 maxima
1030 2108 1255 2160 distinctione
1287 2107 1547 2156 interpungen-

235 2163 338 2197 dum.
395 2163 436 2197 Id
471 2164 619 2209 quidem
649 2173 814 2211 apparet,
854 2163 1120 2211 Quintilianum
1150 2164 1189 2196 in
1217 2160 1445 2208 sequentibus
1470 2161 1546 2207 jam

234 2217 346 2265 ipsam
377 2218 538 2252 docentis
567 2220 751 2266 personam
780 2219 895 2257 tueri,
932 2231 1050 2265 neque
1073 2217 1116 2252 de
1148 2217 1223 2251 solo
1253 2215 1420 2263 exemplo
1449 2216 1546 2265 cogi-

235 2282 335 2310 tare,
364 2282 424 2311 ut,
456 2275 479 2307 si
504 2284 599 2307 recte
619 2273 726 2308 habet
743 2283 903 2321 recepta,
933 2273 1068 2308 oblitus
1088 2273 1255 2306 videatur
1275 2271 1385 2317 primi
1405 2269 1544 2304 confilii

234 2328 433 2362 afferendae
462 2329 572 2374 hujus
604 2328 862 2362 similitudinis.
1068 2329 1198 2365 malus,
1231 2336 1344 2360 utrum
1372 2325 1540 2359 arborem.

233 2382 354 2418 Guelf.
377 2393 492 2417 utrum
512 2385 653 2417 omittit
671 2396 754 2418 cum
772 2383 869 2419 Voff.
893 2392 927 2425 3.
957 2384 1043 2417 Non
1062 2383 1203 2429 prorsus
1222 2379 1325 2414 male.
1350 2379 1442 2414 Edd.
1462 2379 1542 2427 qui·

229 2437 315 2472 dem
332 2437 450 2472 folum
468 2430 576 2473 vide'o
591 2437 800 2486 Gryphium
821 2442 962 2484 (1544)
983 2449 1049 2484 qiu
1067 2447 1181 2472 utrum
1201 2448 1274 2470 non
1293 2434 1484 2483 praeferat.

284 2570 396 2594 totam
432 2580 486 2588 -—
503 2577 507 2581 ,
523 2562 558 2594 in
595 2559 708 2594 dubi1's
739 2559 853 2594 habat.
961 2571 1138 2605 apponere
1164 2559 1308 2605 apicem.
1350 2554 1428 2591 vid.
1456 2564 1535 2589 not.

227 2615 281 2648 Ita
322 2615 433 2649 modo
469 2613 731 2664 etymologicae
768 2617 853 2648 artis
910 2614 1002 2649 Crit.
1026 2612 1069 2646 ad
1091 2625 1124 2652 1,
1143 2621 1180 2657 5,
1202 2621 1252 2655 23
1284 2620 1323 2646 ut
1350 2613 1449 2659 apice
1473 2612 1535 2647 cir-

227 2669 325 2718 usum
336 2670 402 2704 ess'e
421 2670 572 2720 negabat
590 2670 655 2704 nisi
674 2671 709 2704 1⁸12
729 2669 852 2704 dubiis.
909 2668 1103 2704 cumducta.

232 2738 263 2765 ι,
283 2725 319 2764 6,
342 2732 405 2770 58.
