1656 2990
304 220 321 245 „
384 184 547 230 INST.
586 183 864 232 ORATOR.
894 185 1022 230 Lm.
1051 185 1089 242 1,
1123 199 1166 231 1.
1365 197 1428 241 31

84 311 453 382 m“yidentur‚
491 321 788 379 retroagant
815 310 1022 370 rursus,
1057 321 1113 360 et
1136 312 1282 361 varia
1310 327 1432 378 per-

39 430 42 434 .
84 392 380 464 mutatione
415 391 749 458 perturbent,
786 389 956 439 donec
993 390 1196 458 literas,
1231 391 1329 455 qui
1347 390 1432 438 in-

82 467 403 534 stituuntur,
442 465 576 516 facie
609 469 818 525 norint,
861 483 974 516 non
1001 465 1204 516 ordine.
1288 470 1431 536 Qua-

84 555 302 611 propter
342 546 590 610 optime,
619 543 750 594 ficut
784 545 1096 602 hominum,
1147 544 1344 610 pariter
1377 553 1430 591 et

83 621 296 671 habitus
339 632 390 670 et
421 623 641 672 nomina
675 616 1055 671 edocebuntur.
1149 619 1252 670 Sed
1273 619 1426 686 quod
1439 621 1494 661 26

83 700 144 757 in
167 700 332 748 literis
356 697 516 756 obest,
539 690 598 747 in
620 697 833 764 syllabis
857 715 970 748 non
994 698 1221 747 nocebit.
1295 699 1431 747 'Non
1482 749 1484 751 .

77 775 312 830 ,excludo
349 786 552 833 autem,
589 774 649 823 id
683 775 835 840 quod
864 773 938 823 est
962 785 1178 834 notum,
1216 775 1431 833 irritam-⁴

85 851 183 901 dae
211 852 278 900 ad.
308 851 619 901 discendum
653 851 905 900 infantiae
939 853 1128 917 gratia,
1169 852 1432 901 eburneas

80 926 243 978 etiam
264 929 536 977 literarum
555 927 751 978 formas
778 930 838 977 in
875 927 1054 977 lusum
1076 925 1297 988 offerre3
1338 929 1429 978 vel

82 1003 124 1053 fi
160 1005 291 1070 quid
325 996 524 1062 aliud‚'
547 1023 661 1070 quo
692 1006 858 1070 magis
892 1005 986 1053 illa
1019 1015 1154 1054 aetas
1187 1005 1429 1071 gaudeat,

78 1082 334 1131 inveniri·
355 1080 552 1148 potest,
595 1081 743 1147 quod
777 1092 1020 1140 tractare,
1061 1083 1288 1141 intueri,
1327 1101 1429 1132 no·

78 1159 308 1223 minare,
359 1159 660 1221 jucundum
693 1157 765 1206 fit.
859 1160 1001 1208 Cum
1032 1175 1160 1208 vero
1193 1163 1298 1221 jam
1324 1159 1490 1209 clu-2⁷

77 1246 197 1285 ctus
216 1234 366 1301 sequi
389 1237 636 1302 coeperit,
676 1253 790 1285 non
813 1237 1008 1285 inutile
1033 1237 1133 1284 erit
1158 1254 1240 1285 eas
1263 1237 1428 1285 tabel-

83 1313 164 1362 lae
200 1330 359 1378 quam
391 1314 591 1378 optime
622 1312 875 1379 insculpi,
922 1323 985 1362 ut
1013 1331 1108 1379 per
1128 1314 1251 1364 illos
1274 1315 1428 1363 velut

82 1387 253 1439 sulcos
294 1389 518 1439 ducatui·
551 1389 712 1440 stilus.
822 1392 965 1439 Nam
996 1407 1172 1455 neque
1216 1392 1426 1451 errabit,

81 1466 536 1531 quemadmodum
582 1469 642 1515 in
678 1469 808 1516 ceris
841 1469 1240 1535 (continebitur
1279 1470 1427 1517 enim

81 1545 336 1609 utrinque
364 1545 754 1610 marginibus),
791 1560 968 1610 neque
1004 1556 1145 1593 extra
1176 1543 1428 1610 praescri-

75 1617 236 1686 'ptum
260 1622 454 1686 poterit
479 1621 658 1686 egredi
671 1640 685 1680 ;
728 1633 778 1670 et
802 1621 1024 1671 celerius
1045 1640 1101 1670 ac
1123 1621 1328 1688 saepius
1349 1621 1428 1671 se-

84 1697 302 1762 quendo
324 1709 460 1746 certa
473 1694 704 1763 vestigia,
741 1697 992 1748 formabit
1016 1700 1291 1758 articulos;
1331 1716 1426 1748 ne-

85 1788 191 1838 que
225 1774 398 1839 egebit
424 1774 690 1835 adjutorio
727 1788 949 1824 manum
972 1774 1121 1823 suam
1144 1794 1310 1826 manu
1336 1777 1423 1826 su·

83 1866 179 1915 per
192 1850 432 1916 impolita
448 1852 688 1916 regentis.
738 1853 869 1900 Non
883 1850 956 1899 est
981 1853 1148 1901 aliena
1160 1870 1257 1911 res,
1281 1871 1416 1918 quae
1433 1876 1486 1918 23

84 1921 195 1974 fere
233 1927 295 1975 ab
330 1925 562 1977 honestis
602 1928 802 1993 negligi
833 1927 993 1986 solet,
1048 1947 1173 1977 cura
1208 1930 1344 1978 bene
1366 1947 1424 1978 ac

83 2003 338 2060 velociter
370 2003 646 2052 scribendi.
736 2006 878 2053 Nam
910 2023 1034 2054 cum
1067 2005 1128 2054 sit
1151 2008 1210 2054 in
1235 2006 1425 2057 studiis

83 2080 456 2144 praecipuum,
510 2099 727 2147 quoque
772 2080 885 2131 solo
923 2100 1085 2132 verus
1123 2085 1215 2132 ille
1243 2083 1424 2149 profe-

81 2165 211 2214 ctus,
246 2166 296 2203 et
317 2158 431 2206 altis
447 2157 894 2217 radicibusnixus,
935 2171 1164 2225 paretur,
1197 2160 1423 2210 scribere

19 2230 287 2298 ssipsum:
315 2235 538 2299 *tardior
559 2233 708 2285 stilus
747 2237 1121 2302 cogitationem
1155 2250 1422 2299 moratum

135 2398 246 2436 neque
264 2395 370 2422 extra
388 2387 646 2439 praefiriptum
662 2403 726 2437 po·
771 2390 831 2425 Sic
857 2388 935 2425 Cic.
967 2392 1062 2439 Epp.
1094 2391 1141 2426 ad
1172 2389 1267 2428 Div.
1291 2404 1328 2434 2,
1356 2402 1420 2439 15.

79 2442 163 2476 terit
181 2443 314 2490 egredi.
374 2445 473 2492 Quid
495 2446 567 2481 hoc
580 2447 725 2481 differat
772 2447 957 2482 Caesarem
982 2447 1164 2495 honestum
1192 2449 1260 2484 effe
1281 2441 1394 2500 vcupio
1406 2467 1419 2495 ς

79 2494 126 2533 ab
153 2496 221 2533 illo
251 2511 396 2547 „neque
421 2502 591 2537 en·abit“
623 2504 725 2549 equi-
770 2513 806 2537 et
830 2501 971 2537 Plinius
991 2504 1082 2539 Hist.
1106 2515 1179 2540 nat.
1215 2515 1280 2550 55.
1307 2521 1336 2542 c.
1356 2522 1418 2544 ιο.

85 2551 169 2589 dem
203 2566 279 2589 non
310 2555 492 2599 dixeri1u3
532 2558 591 2594 sed
612 2558 660 2592 est
682 2559 724 2593 in
768 2568 838 2598 „ut
860 2558 1016 2609 ingenui
1037 2573 1251 2598 exercerent
1277 2564 1418 2612 (pictu-

84 2608 256 2645 omnibus
287 2612 405 2648 Godd.
768 2617 893 2663 ,‚ram)
917 2628 1011 2650 mox
1035 2627 1078 2651 ut
1099 2618 1254 2668 honesti,
1288 2634 1421 2669 perpe·

134 2666 182 2700 ab
209 2666 372 2716 honestis.
428 2669 472 2705 ab
502 2667 720 2707 hominibus
766 2681 858 2710 „tuo
884 2672 1087 2709 interdicto
1109 2687 1154 2710 ne
1178 2677 1327 2717 seivitia
1351 2678 1417 2713 do-

24 2750 27 2757 .
76 2721 118 2756 in
140 2717 260 2770 aliqua
294 2723 472 2775 dignitate
502 2726 719 2763 constitutis.
763 2737 1000 2767 ‚.cerentux..“
