1656 2990
268 196 381 235 an
704 184 1154 230 PRAEFATIO.

341 305 416 354 est
449 307 654 355 Rollini
691 306 989 355 institutum
1027 307 1303 356 breviandi
1342 309 1578 358 rhetoris.

272 423 279 428 -
343 394 562 444 Editum
625 394 730 443 fuit
793 395 1166 459 compendium
1228 397 1330 446 hoc
1383 395 1581 446 Parisiis

351 496 506 541 1715.
564 498 644 531 12.
739 483 1075 532 Monendum
1117 484 1353 542 videtur,
1413 487 1582 534 Rolli-

342 586 477 618 num
512 572 714 619 nullam
755 569 986 618 habuisse
1027 588 1205 620 curam
1240 572 1580 623 Gibsonianae

340 659 428 705 vel
457 658 799 706 Obreclitinae
834 657 1142 708 editionum.

266 786 521 850 Lugduni
554 788 608 834 Β.
655 801 806 847 1720.
858 794 906 851 4.
986 789 1273 838 Burmanni
1305 780 1466 839 editio
1501 793 1581 850 ju-

338 872 466 922 stam
497 874 653 922 habet
685 876 743 922 in
775 874 989 940 singulis
1034 878 1161 926 locis
1200 876 1459 926 Codicum
1499 894 1580 925 re·-

338 961 659 1019 cenfionem,
718 980 851 1026 quos
894 964 1235 1029 repraesentat
1272 982 1489 1022 novem,
1542 963 1578 1011 fi

336 1049 821 1113 Argentoratensem
857 1053 1226 1116 complecteris.
1294 1052 1441 1100 Bodl.
1473 1052 1575 1099 Bal.

336 1140 513 1186 Ioann.
541 1138 674 1186 Alm.
709 1136 841 1186 Voff.
878 1157 919 1186 1.
947 1154 993 1187 2.
1018 1153 1064 1196 5.
1105 1142 1251 1188 Bern.
1284 1141 1403 1205 Arg.
1431 1156 1576 1204 prae-

334 1235 414 1273 ter
453 1211 707 1289 quosdam
751 1243 868 1274 raro
912 1228 1115 1286 citatos,
1190 1240 1253 1276 ut
1293 1229 1576 1288 Poullainii

334 1323 387 1361 et
412 1314 790 1362 Colbertinum.
870 1315 952 1362 Ad
971 1314 1124 1364 hosce
1145 1318 1310 1381 igitur
1325 1319 1574 1365 Burman-

331 1403 518 1451 nianos
546 1419 667 1449 cum
700 1402 941 1450 accedant
973 1414 1023 1450 et
1058 1405 1327 1463 Vallenfis,
1362 1422 1390 1452 a
1410 1405 1571 1453 Badio

330 1488 633 1554 usurpatus,
683 1500 732 1536 et
763 1500 863 1538 tres
894 1491 1024 1548 mei,
1070 1490 1290 1541 efficitur
1321 1510 1574 1542 numerus

329 1576 583 1624 tredecim
604 1577 879 1636 Codicum,
906 1596 1134 1642 quorum
1155 1583 1458 1629 auctoritate
1485 1581 1574 1629 ad-

329 1662 437 1712 huc
470 1666 659 1712 nititur
689 1675 856 1714 textus
888 1668 1288 1735 Quintilianeus.

252 1794 467 1865 Parifiis.
527 1811 625 1858 172
638 1810 682 1854 5.
732 1801 784 1846 F.
865 1801 1318 1864 Capperonnerius
1356 1812 1568 1865 quantas

327 1901 522 1948 poenas
554 1885 758 1933 dederit
784 1890 1113 1945 Burmanno,
1161 1905 1190 1935 a
1216 1887 1267 1936 se
1299 1887 1414 1937 satis
1444 1907 1565 1954 pro-

324 1981 470 2019 terve
501 1972 732 2030 laceffito‚
770 1975 923 2021 etiam
952 1976 1011 2022 in
1044 1977 1237 2041 vulgus
1264 1987 1454 2026 notum
1479 1975 1562 2026 est.

323 2059 584 2107 Verissima
618 2060 690 2108 est
726 2059 974 2110 sententia
1002 2064 1203 2112 Ernesti
1239 2066 1363 2113 bibl.
1398 2066 1480 2114 lat.
1515 2081 1564 2123 2,

330 2161 456 2208 275,
497 2150 555 2195 in
585 2151 764 2197 critica.
785 2151 985 2198 ratione
1015 2154 1315 2201 Burmanno
1346 2149 1562 2202 inferio-

317 2251 431 2282 rem
461 2235 617 2301 longe
638 2238 1121 2302 Capperonnerium
1153 2241 1444 2301 judicantis,
1481 2258 1563 2289 ce-

320 2331 498 2370 terum
539 2327 648 2385 ejus
691 2327 749 2373 in
786 2327 1144 2394 Quintiliano,
1206 2329 1267 2375 in'
1310 2329 1492 2393 primis
1530 2346 1558 2377 e

264 2452 265 2455 ,
321 2410 526 2458 Graecis
570 2412 888 2462 R‘hetoribus
937 2413 1270 2473 illustrando,
1347 2433 1558 2480 operam

316 2512 429 2544 non
464 2501 895 2549 contemnendam
920 2500 1015 2549 effe
1036 2500 1313 2552 statuentis.
1343 2568 1352 2574 ἶ
1389 2504 1557 2572 Quid-

314 2583 449 2647 quid
483 2587 625 2634 enim
664 2589 927 2638 maledicit
965 2599 1017 2638 et
1053 2589 1190 2639 ridet
1229 2592 1288 2639 in
1326 2591 1551 2658 Epistola
