1656 2990
305 198 468 247 INST.
501 196 781 248 ORATOR·
816 196 1062 255 LIB.'11,'v
1083 210 1159 255 17.

64 326 164 394 qui
186 324 530 376 diffimulator
564 325 686 374 artis
711 323 832 384 fuit.
910 326 1058 372 Hanc
1081 333 1260 371 autem
1282 322 1405 387 opi-

35 401 552 461 .ni0nemxhabuiffe
589 400 766 468 Lysias
801 399 1045 450 videtur:
1097 404 1249 462 cujus
1288 396 1426 447 sen--

62 482 256 530 tentiae
292 482 409 530 talis
449 479 684 546 defenfio
730 477 825 537 est,
873 478 1023 544 quod
1069 477 1301 535 indocti,
1351 485 1404 524 et

62 558 296 618 barbari,
331 569 384 607 et
405 557 568 615 servi,
605 574 704 623 pro
729 555 780 604 se
801 573 922 604 cum
943 557 1272 621 loquuntur,
1309 553 1403 602 ali-

3 651 14 682 τ
38 663 40 667 -
65 635 200 701 quid
220 637 398 686 dicant
415 633 589 708 fimile
614 636 881 699 principio,
915 640 1140 690 narrenc3
1170 629 1404 697 probent,
1438 654 1442 656 ·

66 709 324 784 refutent,
365 724 417 762 et
453 712 638 778 (quod.
674 713 788 760 vim
824 711 1010 760 habeat
1045 710 1282 776 epilogi)
1315 709 1403 756 de·-

61 792 349 856 p'rdcentur.
427 789 638 840 Deinde
670 788 927 851 adjiciunt
961 789 1076 837 illas
1110 788 1437 839 verborum7

67 869 451 926 cavillationes,
501 866 660 917 Nihil
698 867 838 931 quod
869 884 934 915 ex
966 876 1080 914 arte
1107 863 1245 936 fiat,
1284 873 1406 912 ante

66 956 232 994 artem
251 941 452 1018 fuiſj'e:
491 946 638 1010 atqui
658 941 838 992 dixisse
860 943 1106 992 homines
1126 959 1225 1008 pro
1245 939 1323 998 se,
1354 949 1407 988 et

64 1022 125 1071 in
159 1023 290 1072 alios
318 1021 548 1088 semper:
594 1021 835 1071 doctores
857 1022 1002 1078 artis,
1044 1018 1313 1081 femiam,
1355 1026 1408 1066 et

65 1100 204 1150 circa
221 1097 413 1151 Tifiam
436 1110 488 1148 et
510 1100 705 1149 Coraca
726 1099 978 1164 primum,
1001 1107 1252 1164 repertos.
1293 1111 1410 1145 ora-

1301 207 1402 255 377

144 1250 229 1301 sero
243 1254 331 1298 jam.
389 1251 508 1287 Potest
531 1251 799 1303 supervacuum
821 1248 944 1285 videri
958 1252 1058 1296 jam,
1085 1261 1198 1297 quare
1219 1247 1411 1284 omittitur

65 1307 106 1344 in
132 1308 354 1357 quibusdam
386 1306 493 1348 edd.,
532 1307 624 1343 Cod.
658 1307 811 1355 quidem
837 1305 956 1341 nullo.
1026 1307 1255 1343 omittentes
1287 1305 1411 1340 secure

62 1363 234 1401 'imitatus
264 1365 419 1414 C‘apper.
477 1365 574 1400 Cum
608 1364 739 1401 Cicero
770 1378 860 1399 nunc
885 1361 992 1412 sero,
1030 1363 1183 1399 Tacitus
1212 1363 1289 1407 jam
1323 1360 1410 1411 sero

48 1439 53 1446 ν
67 1420 189 1457 dicere
206 1422 458 1470 reperiantur,
485 1420 620 1469 quidni
635 1419 719 1469 sero
735 1421 812 1467 jam
834 1419 994 1455 seramus
1007 1445 1017 1459 ,
1047 1419 1150 1468 quod
1172 1419 1293 1468 ipsum
1314 1416 1412 1468 lege-

63 1486 107 1512 ‘re
130 1488 189 1513 me
209 1490 285 1513 non
307 1477 483 1517 memini,
515 1477 572 1512 [ed
593 1476 739 1512 fortasse
759 1477 870 1511 etiam
893 1477 996 1524 saepe
1014 1475 1166 1528 legitur.
1222 1474 1315 1510 Inest
1336 1474 1412 1509 for-

6 1542 15 1550 ·
68 1533 324 1575 taffe'irrifim
353 1547 438 1570 cum
460 1533 546 1584 sero
577 1535 621 1568 fit
649 1533 845 1581 saepissime
874 1541 910 1567 et
939 1545 1053 1581 paene
1076 1533 1298 1582 plerumque
1318 1542 1411 1580 pro:

69 1592 178 1626 nimis·
193 1589 290 1640 sero.
333 1591 379 1626 cf.
407 1600 452 1635 3,
488 1598 534 1634 5,
568 1599 606 1634 5.
664 1591 850 1625 Doctores
880 1588 980 1626 enim
1004 1587 1090 1639 sero
1121 1590 1287 1628 veniunt,
1325 1598 1413 1623 cum

70 1659 184 1696 opu-5,
213 1647 317 1704 quod
338 1647 487 1683 docturi
508 1648 611 1687 sunt,
638 1647 714 1694 jam
737 1646 785 1682 est
810 1646 996 1681 effectum.

90 1768 95 1773 ⁴
125 1761 294 1795 Hanc—
315 1732 459 1810 Lyfias·
473 1761 625 1796 videtur.
649 1761 716 1795 Fa.
770 1757 910 1798 verba,
950 1757 992 1792 in
1029 1757 1166 1806 quibus
1204 1759 1416 1798 versamur.

72 1824 154 1852 teor
183 1815 333 1852 haerere
364 1829 424 1851 rne
453 1817 493 1850 in
525 1815 630 1856 loco,
668 1816 715 1850 de

69 1885 149 1920 quo
176 1885 291 1908 nemo
319 1872 539 1920 quidquam.
595 1874 718 1909 Neco·

71 1929 199 1978 pinato
222 1929 394 1976 injicitur
414 1929 556 1964 mentio
575 1930 716 1977 Lyfiae,

74 1997 187 2032 quam
225 1985 343 2036 magis
379 1985 536 2024 ferrem,
578 1986 604 2020 fi
633 1997 719 2020 con-

73 2041 266 2089 junctione
313 2044 420 2076 etiam
465 2041 715 2080 induceretur,

18 2119 19 2122 =
71 2109 152 2132 ⁴non
173 2107 300 2133 autem.
342 2099 392 2132 Et
412 2096 507 2132 male
524 2111 585 2132 me
606 2097 717 2133 habet

74 2153 177 2202 quod
197 2153 277 2203 post
294 2155 443 2199 ,‚cu1'us“
462 2153 591 2201 (quod
611 2153 716 2189 facile

75 2209 301 2246 referebatur
331 2209 376 2244 ad
403 2213 633 2259 opinionem)
661 2211 719 2245 in-

76 2267 222 2319 geritur
240 2265 496 2316 ,ffententiaef‘
514 2269 614 2315 quasi
636 2265 718 2302 nul-

75 2321 158 2358 lum
178 2322 443 2359 substantivum
478 2323 715 2372 praecefferit.

77 2380 211 2428 Neque
229 2380 378 2419 inveni,
398 2381 464 2427 qui
482 2389 627 2430 praeter
646 2382 716 2428 Qu.

79 2435 256 2479 mhi-ret,
297 2437 443 2483 Lysiam
487 2435 719 2484 eloquentiae

82 2500 198 2527 artem
218 2492 382 2544 negaffe,
409 2493 477 2528 nisi
500 2493 595 2529 forte
618 2494 721 2530 Cice-

83 2559 127 2582 ro
146 2547 186 2582 id
203 2549 355 2584 videtur
368 2548 488 2584 dicere
499 2553 606 2585 Brut.
621 2564 650 2586 c.
670 2563 685 2584 1
695 2559 718 2584 2

773 1814 966 1850 commode
990 1814 1164 1851 retuleris
1189 1818 1313 1861 „cujus
1332 1813 1417 1864 sen-

772 1874 955 1911 „tentiae“
984 1870 1030 1905 ad
1057 1871 1199 1908 dictum
1227 1871 1325 1907 illud
1342 1873 1419 1907 An-

775 1928 871 1963 tonii
890 1941 947 1976 ap.
970 1926 1047 1963 Cic.
1068 1929 1130 1973 (ᾖ.
1152 1930 1217 1974 5).

829 1984 925 2033 quod
963 2003 1018 2012 —-
1063 1984 1196 2021 dicanta
1254 1983 1417 2020 Attende

770 2041 986 2089 scriptorem
1018 2038 1152 2076 alienas
1185 2050 1417 2092 argumenta-

771 2096 894 2132 tiones
923 2097 1146 2133 referentem
1178 2098 1197 2144 (
1205 2098 1286 2134 vid.
1308 2096 1355 2133 ad
1382 2110 1416 2137 ι,

773 2164 811 2193 2,
836 2155 914 2203 2.),
943 2167 990 2189 ne
1019 2153 1118 2190 forte
1148 2155 1288 2190 tirones
1310 2153 1417 2204 quod,

772 2211 884 2245 etiam
917 2221 1022 2245 extra
1055 2211 1248 2260 obliquam
1282 2210 1417 2245 oratio-

771 2280 878 2306 nem,
909 2268 1150 2316 conjunctivo
1179 2269 1336 2319 jungere
1368 2267 1418 2302 as-

773 2324 944 2359 suescant.
1001 2325 1135 2372 Neque
1172 2324 1309 2360 neceffe
1341 2332 1419 2358 erat

756 2382 967 2430 eloquantur
1006 2380 1118 2416 etiam
1160 2381 1255 2420 dici,
1303 2392 1418 2428 quan-

770 2450 886 2485 quam
926 2435 991 2472 vel
1027 2436 1101 2473 hoc
1137 2437 1298 2488 potuiss‘e
1324 2436 1418 2472 ferri

777 2493 958 2529 existimo.

827 2549 911 2599 sero
951 2552 1029 2596 jam
1056 2569 1114 2578 —-
1153 2551 1300 2587 Coraca.
1358 2551 1420 2586 De

85 2605 207 2643 „Nam
226 2605 375 2652 Lysiam
396 2626 451 2633 —
473 2606 725 2642 orationes—
781 2607 899 2645 hisee,
930 2606 1048 2654 patria
1076 2605 1208 2643 Siculis
1238 2607 1319 2643 vid.
1346 2606 1425 2643 Cic.

89 2659 267 2701 „Fcribere
306 2680 359 2688 -
399 2663 574 2712 coepiss'e,
615 2674 728 2699 artem
784 2666 890 2699 Brut.
921 2673 968 2697 12
1002 2672 1039 2698 et
1069 2662 1150 2698 aliis
1174 2663 1305 2700 multis
1324 2662 1428 2701 locis.

90 2715 347 2758 „removiss'effi‘
397 2720 467 2754 Sed
488 2720 604 2768 potest
625 2719 730 2754 aliter
786 2730 830 2754 ut
862 2730 898 2754 et
925 2719 1091 2756 nostrum
1120 2729 1166 2765 5,
1195 2734 1238 2762 ι,
1271 2727 1310 2766 8.
1350 2718 1430 2756 vid.

75 2773 84 2777 ’
93 2773 210 2823 accipi
235 2773 298 2809 iste
326 2772 442 2810 locus.

507 2776 547 2811 Si
573 2775 733 2812 abess‘ent
783 2785 868 2815 not.
895 2776 990 2813 Crit.
