1656 2990
208 218 337 252 κων
637 206 1083 253 PRAEFATIO.

212 343 402 393 magno
435 325 733 393 praesertim
761 345 881 377 cum
910 346 974 378 eo
1003 330 1228 380 aliorum
1251 326 1395 398 frugi
1418 334 1522 384 Co‘-

209 415 390 465 dicum
421 415 682 466 consensu.
758 416 907 466 Visus
930 420 1073 466 enim
1102 418 1219 468 sum
1245 422 1380 469 mihi
1402 423 1528 486 plu«

209 506 396 553 rimam
428 503 825 569 Guelferbytani
857 507 1090 570 primum
1115 525 1235 557 cum
1263 508 1525 567 Bernenfi,

208 592 618 641 animadvertere
648 577 1089 652 convenientiam,
1138 595 1329 644 deinde
1369 597 1524 644 etiam

207 696 332 727 cum
350 678 595 728 Vossianis
614 680 787 743 primo
814 691 864 727 et
888 680 1055 731 tertio.
1131 685 1382 748 Exemplo
1404 683 1524 732 sunt

208 765 490 830 scripturae
529 766 682 815 valde
726 769 988 820 mirabiles
1026 783 1055 826 5
1071 806 1084 826 ,
1125 782 1155 825 8
1171 806 1184 827 ,
1227 776 1275 833 4.
1330 771 1426 820 ubi
1463 772 1523 820 in

206 852 347 902 hisce
391 865 616 918 quatuor
651 854 772 904 solis
811 852 916 924 sas
958 856 1028 904 est
1071 875 1168 922 pro
1212 876 1323 916 eas,
1397 859 1525 910 item

207 946 250 1002 §.
289 957 368 992 12.
414 940 729 1011 postulanda
770 961 868 1008 pro
912 942 1155 1012 postulae.
1272 951 1382 996 Hos
1425 963 1523 1011 ego

207 1031 371 1079 libros
412 1046 440 1078 e
487 1030 944 1095 praestantioribus
994 1035 1242 1099 exemplis
1286 1032 1523 1083 transcri-

208 1129 325 1183 ptos
350 1118 603 1178 existimo,
641 1136 798 1183 quam
829 1122 1131 1170 Gotlianum
1157 1133 1208 1170 et
1229 1121 1523 1172 Voffianum

206 1205 511 1256 secundum.
602 1209 734 1257 Sunt
760 1210 904 1257 enim
933 1208 1042 1258 fere
1081 1227 1270 1259 eorum
1302 1209 1523 1276 scriptu-

205 1311 292 1343 rae
325 1294 612 1353 doctiores,
690 1295 1005 1346 difficiliores
1021 1334 1034 1354 ‚
1111 1297 1341 1363 denique
1382 1298 1524 1357 tales,

204 1399 340 1447 quae
378 1395 724 1434 correctorem
755 1385 1058 1434 recentioris
1090 1388 1206 1434 aevi
1238 1388 1413 1436 minus
1444 1403 1523 1435 ar-

208 1481 383 1536 guant.
459 1473 598 1522 Cum
636 1477 739 1534 jam
777 1489 988 1521 omnem
1029 1473 1223 1523 horum
1265 1474 1523 1525 Codicum

207 1561 508 1608 varietatem
530 1558 892 1625 excerpfiffem‚
921 1559 1050 1608 facta
1068 1561 1204 1609 mihi
1229 1562 1300 1610 est
1329 1564 1522 1612 iterum

206 1664 301 1712 per
342 1647 604 1697 Wolfium
633 1650 781 1713 copia
816 1649 940 1695 libri
973 1648 1268 1709 cujusdam,
1318 1653 1413 1715 qui
1442 1652 1524 1700 vi-

208 1734 366 1784 detur
397 1736 752 1801 antiquissimis
781 1734 1134 1786 accensendus.
1214 1736 1357 1787 Mifit
1378 1739 1522 1787 enim

208 1826 274 1873 ad
299 1842 384 1873 rne
414 1842 511 1891 pro
536 1842 618 1882 ea,
658 1809 761 1889 qua
793 1823 978 1872 studiis
1005 1827 1134 1874 meis
1161 1824 1325 1884 favet,
1364 1827 1521 1876 bene-

207 1914 439 1962 volentia
467 1913 798 1962 collationem
827 1913 1026 1975 aliquot
1062 1913 1323 1962 librorum
1355 1931 1384 1962 e
1418 1915 1522 1964 Co-

207 2001 322 2048 dice
351 2001 411 2048 in
439 1998 709 2048 Turicenfi
740 1999 1056 2047 bibliotheca
1087 1997 1336 2066 reposito,
1390 2003 1521 2051 olim

209 2098 438 2136 curatam
475 2087 538 2134 ab
582 2088 747 2149 amico
785 2085 881 2135 suo
917 2097 968 2135 et
1004 2087 1242 2139 auditore
1283 2091 1521 2140 Sulzber-

209 2192 334 2240 gero
369 2178 428 2223 V.
459 2178 520 2224 R.
555 2173 755 2239 pastore
778 2174 1061 2232 Turicenfi,
1105 2175 1419 2241 significans,
1467 2178 1519 2228 se

210 2265 403 2328 reliqui
451 2265 624 2328 operis
659 2263 954 2310 varietatem
996 2280 1058 2310 ex
1097 2264 1200 2311 hoc
1233 2263 1344 2331 ipso
1380 2268 1518 2316 libro

207 2351 371 2408 mihi,
428 2349 466 2398 fi
503 2351 795 2407 videretur,
846 2351 1260 2414 impetraturum.
1377 2359 1521 2424 Quae

207 2436 449 2504 promiffa
481 2455 601 2487 cum
634 2439 968 2486 vehementer
999 2440 1355 2504 amplecterer,
1395 2459 1521 2491 con-

213 2526 409 2574 ciliavit
451 2526 586 2573 milii
623 2527 800 2574 virum
839 2526 1282 2585 humaniffimum,
1358 2547 1519 2594 quem

211 2614 411 2680 ingenii
441 2623 492 2661 et
526 2613 790 2664 doctrinae
824 2615 1072 2683 elegantia
1087 2651 1101 2674 ‚
1152 2616 1313 2667 animi
1342 2628 1517 2668 autem
