1656 2990
232 190 330 247 486
550 188 623 234 M.
660 188 790 235 ΕΑΒ.
827 188 1234 249 QmNTiuANi

232 325 447 377 quoque
473 309 808 375 neceffitatem
842 310 939 359 hos
972 310 1126 361 status
1149 311 1439 378 exequendi
1467 311 1542 361 sa-

236 404 348 435 cere
386 389 476 450 qui
510 396 663 450 negat
696 387 773 447 (is
807 388 948 433 enim
980 385 1016 434 sl
1045 387 1206 445 dicat,
1261 390 1391 437 Non
1411 385 1542 455 feci,

237 472 384 526 coget
404 460 762 509 adversarium
785 465 1076 521 conjectura
1098 463 1204 510 uti:
1248 471 1299 509 et
1322 461 1361 512 fi
1393 461 1542 519 dicat‚
1555 472 1627 514 241

237 539 369 585 Non
396 534 545 583 habet
575 537 766 604 legem,
803 535 1162 602 syllogismo),
1204 536 1548 585 concedamus

239 628 302 659 ex
332 609 632 675 depulsione
662 607 800 682 nasci
834 610 1031 659 statum.
1144 613 1334 662 Nihilo
1370 613 1550 660 minus

240 688 383 734 enim
411 703 490 734 res
522 703 584 734 eo
616 696 926 743 revertetur,
970 698 1030 735 ut
1056 686 1217 735 modo
1242 689 1286 735 is
1318 686 1412 750 qui
1432 688 1549 751 agit,

185 761 403 813 ¹71nodo
431 763 475 810 is
504 779 625 810 cum
644 779 752 825 quo
785 763 968 825 agitur,
1005 761 1190 810 statum
1209 759 1399 830 faciat.
1477 757 1552 810 S'it

242 839 385 884 enim
413 836 712 885 accusatoris
741 838 988 894 intentio,
1028 839 1296 885 IIomz'nem
1316 833 1550 905 occidisti.

243 913 298 960 Si
319 922 472 976 neget
497 929 632 970 reus,
670 911 822 959 faciet
845 912 1032 960 statum
1056 914 1151 976 qui
1166 923 1330 977 negat.
1410 911 1554 979 Quid.
1601 945 1603 947 -

244 985 284 1034 fi
312 985 614 1044 confitetur,
676 986 765 1035 [ed
790 987 911 1050 jure
945 1006 980 1036 a
997 984 1065 1058 se
1099 988 1384 1037 adulterum
1427 986 1554 1035 dicit

244 1058 495 1134 occg‘sum?
539 1061 764 1130 (nempe
788 1063 957 1128 legem
985 1060 1080 1112 effe
1109 1073 1306 1112 certum
1325 1060 1396 1110 est
1422 1077 1555 1127 quae

244 1215 314 1252 pro
339 1204 420 1242 illis,
448 1203 623 1238 leniffima
639 1203 892 1251 verissimaque
909 1203 1121 1243 mutatione,
1151 1217 1241 1251 quae
1261 1212 1295 1238 et
1307 1203 1464 1239 Gesnero
1483 1200 1558 1249 pla-

246 1259 335 1292 cuit.
393 1259 485 1294 eod.
510 1258 660 1306 quidem
685 1259 803 1292 adhuc
823 1258 969 1293 nullum
1000 1259 1158 1308 cognovi
1179 1260 1243 1306 qui
1262 1270 1337 1292 non
1358 1257 1458 1291 daret
1476 1258 1558 1296 illis,

245 1313 346 1361 quod
368 1314 408 1347 in
426 1314 582 1348 Vallensi
611 1325 758 1360 quoque
780 1314 846 1347 effe
876 1323 999 1347 monet
1016 1314 1170 1352 Badius,
1198 1313 1354 1348 referens
1373 1312 1561 1360 pronomi-

219 1384 224 1396 ·
245 1369 303 1403 nis
324 1368 491 1404 dativum
513 1368 557 1403 ad
577 1380 658 1406 eos,
688 1369 754 1415 qui
776 1368 963 1407 „dixerint
989 1368 1215 1402 infitialem.“
1270 1370 1483 1414 Perperam;
1514 1368 1561 1401 sa-

246 1423 294 1458 tis
325 1425 421 1457 enim
447 1423 509 1462 hi,
543 1435 704 1469 quorum
737 1422 856 1457 obiter
883 1424 1022 1457 mentio
1053 1423 1238 1469 injicitur,
1284 1422 1509 1456 dirimuntur
1541 1435 1562 1456 a

250 1478 372 1512 nostro
395 1478 498 1518 loco;
534 1490 650 1524 neque
670 1479 717 1511 fic
734 1477 899 1525 procedit
919 1478 1193 1526 argumentatio.
1248 1478 1335 1513 Bad.
1360 1486 1395 1511 et
1418 1476 1562 1512 Cervic-

249 1534 288 1568 in
309 1533 474 1583 margine
501 1542 645 1580 ponunt
665 1533 747 1567 illuc
767 1544 832 1580 pet
851 1544 1011 1567 errorem
1031 1545 1119 1580 pro:
1154 1533 1237 1567 illic.

334 1598 446 1635 coget.
505 1587 626 1622 Guelf.
657 1590 763 1633 cogit.
1038 1597 1141 1634 neget
1169 1605 1222 1614 —-
1252 1586 1379 1635 saciet.
1437 1586 1560 1622 Guelf-

250 1653 359 1690 negat
387 1662 442 1671 --
460 1642 584 1690 saciat
613 1655 696 1677 cum
725 1643 850 1681 Turio.
880 1652 916 1676 ct
943 1644 1051 1677 Beru.
1300 1642 1396 1692 Quid
1415 1643 1453 1688 fi
1483 1655 1564 1677 con-

242 1699 385 1746 fitetur.
441 1699 500 1732 Sic
531 1697 651 1732 Guelf.
687 1697 797 1731 Goth.
820 1697 918 1732 Alm.
950 1697 1100 1740 (Turic.
1123 1708 1288 1744 quoque,
1317 1706 1359 1731 ut
1378 1696 1560 1744 suspicor)

251 1762 287 1788 et
315 1752 396 1787 edd.
429 1762 510 1786 aute
537 1753 720 1787 Stoerium
757 1764 894 1786 omncs.
978 1754 1011 1786 Is
1040 1753 1180 1798 primus
1210 1752 1302 1800 quod
1331 1751 1454 1792 dedit;
1491 1752 1563 1786 hoc

251 1817 372 1842 nutem
392 1809 432 1842 1η
451 1807 578 1842 multis
600 1807 706 1841 etiam
723 1807 837 1841 codd.
859 1807 937 1845 effe,
959 1818 1091 1840 vereor
1113 1817 1155 1840 ut
1171 1807 1436 1841 conferentium
1463 1806 1565 1841 [ilen-

253 1863 306 1898 tio
326 1873 422 1897 recte
441 1862 618 1897 credatur.
683 1862 802 1896 Habet
829 1861 1028 1896 scabritiem
1055 1862 1094 1895 in
1121 1861 1292 1908 bipertita
1319 1862 1456 1896 ratione
1475 1865 1566 1910 posi-

253 1928 331 1951 tum
363 1919 465 1965 prius
490 1917 547 1967 fi,
579 1917 744 1964 deinceps
773 1916 934 1965 quodsi.
987 1916 1117 1950 Saltem
1140 1916 1303 1964 exempla
1324 1929 1398 1950 non
1426 1918 1566 1952 succur-

251 1982 352 2008 runt.
408 1976 457 2007 Et
486 1972 589 2006 locus
614 1972 762 2007 videtui·
780 1971 945 2021 indigere
965 1970 1083 2017 aliqua
1106 1971 1355 2022 interrogandi
1373 1971 1567 2007 vehemen-

255 2029 317 2063 tia.
374 2027 576 2062 Evellenda
597 2027 693 2061 enim
725 2026 772 2061 est
796 2027 864 2064 iis,
906 2026 1123 2073 quibuscum
1147 2027 1222 2076 agit
1241 2028 1331 2073 Qu„
1363 2027 1490 2074 opinio
1511 2027 1570 2061 fir-

254 2093 351 2117 mata
378 2082 461 2116 lono
443 2095 490 2133 go
512 2083 598 2121 usu,
636 2095 707 2128 qua
726 2081 841 2116 [olum
869 2093 971 2115 reum
992 2081 1106 2115 facere
1125 2091 1255 2128 putant
1275 2082 1417 2117 statum.
1472 2082 1571 2117 Huic

255 2138 540 2188 interrogationi
559 2136 794 2184 1espondetur
816 2135 910 2170 illis:
947 2137 1048 2174 „Nifi
1070 2135 1232 2182 aliquid“
1261 2145 1328 2171 cet.

338 2195 537 2239 confitetur.
594 2194 682 2228 Non
700 2191 848 2238 quidem
869 2193 996 2225 Bur-m
1019 2201 1055 2224 et
1078 2191 1168 2226 Obr.
1204 2193 1274 2234 (ut
1301 2201 1407 2245 putat
1435 2193 1538 2227 Gesn.
1553 2193 1570 2236 )

255 2247 314 2282 sed
342 2247 525 2282 Leidenfis
558 2246 613 2281 ed.
647 2245 804 2294 sphalma
843 2246 889 2280 est
929 2245 1151 2293 confutetur,
1195 2245 1297 2292 quod
1323 2256 1571 2297 propagarunt

255 2313 338 2339 ante
360 2304 465 2338 Gesu.
487 2314 630 2340 omnes,
659 2301 789 2335 invitis
812 2300 946 2339 codd„
975 2310 1085 2348 puto,
1115 2301 1297 2335 omnibus.

335 2368 465 2393 certum
486 2355 548 2406 efi-
607 2358 724 2395 Haec,
752 2357 824 2391 fine
843 2356 1017 2390 varietate
1038 2356 1188 2391 inventa
1206 2356 1247 2391 in
1266 2355 1436 2392 omnibus
1455 2355 1570 2395 libris.

311 2479 395 2517 Non
419 2478 524 2515 habet
551 2477 624 2515 scil.
653 2476 885 2528 adversarius.
943 2477 977 2511 ci
1003 2476 1164 2525 occisus?
1223 2477 1358 2512 Eadem
1387 2476 1487 2528 lege,
1526 2485 1572 2511 ut

942 2531 1142 2571 notissima,
1173 2544 1256 2567 reus
1283 2533 1402 2571 utitur
1427 2533 1467 2567 in
1495 2533 1570 2566 De-

310 2602 436 2636 nempe
457 2609 511 2617 -—
540 2589 734 2636 permittat..
790 2589 889 2621 Haec
945 2586 1048 2621 clam.
1073 2587 1196 2634 Quint.
1218 2601 1252 2635 p.
1275 2587 1350 2632 (ed.
1375 2587 1458 2635 Bip.
1482 2586 1568 2625 Vol.

255 2644 431 2690 interjicit
450 2644 612 2691 scriptor,
638 2656 683 2676 ne
705 2642 788 2689 quis
807 2642 890 2676 hac·
945 2645 1006 2690 4)
1028 2651 1062 2685 5.
1094 2643 1259 2692 „Quisig
1255 2643 1338 2676 itur
1349 2642 1492 2678 dubitat
1502 2641 1574 2676 hoc

257 2708 347 2739 reat,
378 2700 443 2746 qui
459 2701 537 2744 jure
560 2698 691 2746 aliquis
711 2697 817 2746 poffit
840 2697 891 2732 di.-
945 2698 1008 2736 „in
1036 2698 1183 2733 civitate
1213 2710 1232 2731 a
1258 2696 1399 2748 legibus
1425 2697 1572 2746 permis-
