1656 2990
261 241 322 294 56
575 241 647 284 M.
685 242 814 284 ΕΑΒ.
852 239 1262 302 QUINT1L1AN1

227 361 558 426 nceptoribus
589 361 803 409 tradere.
881 361 1039 430 Quod.
1064 360 1303 425 quidem,
1343 376 1465 410 cum
1486 361 1569 418 iis,

262 455 290 484 a
317 437 507 500 quibus
541 437 920 484 clariffimarum
948 438 1217 485 civitatum
1246 452 1418 485 mores
1449 428 1569 484 sunt

261 511 506 568 instituti,
546 522 659 560 tum
694 510 1093 561 eminentiffimis
1125 512 1450 568 auctoribus,
1488 512 1570 559 vi-

263 586 360 635 deo
384 583 637 650 placuiffe.
699 587 828 634 Non
850 584 920 632 est
945 597 1116 634 tamen
1138 585 1568 642 diffunulandum‚

263 659 359 708 effe
398 662 711 716 nonnullos,
762 661 857 723 qui
902 660 963 707 ab
1008 661 1110 708 hoc
1151 677 1316 725 prope
1355 661 1568 725 publico

263 752 410 784 more
436 736 636 798 privata
666 734 886 798 quadam
917 734 1240 799 persuasione
1267 732 1570 783 dissentiant.

265 811 336 857 Hi
371 808 496 859 duas
538 812 816 873 praecipue
858 812 1082 877 rationes
1119 809 1266 875 sequi
1296 809 1570 858 videntur:

263 900 454 952 ynam,
495 885 642 949 quod
679 885 914 933 moribus
954 887 1115 950 magis
1155 884 1451 945 consulant,
1487 884 1573 934 fu-

267 957 460 1023 giendo
491 960 695 1008 turbam
726 960 1005 1008 hominum
1035 965 1146 1022 ejus
1189 961 1390 1018 aetatis,
1441 975 1574 1025 quae
1651 956 1656 958 ‘

269 1032 327 1082 fit
354 1034 418 1081 ad
442 1036 569 1083 vitia
601 1036 822 1082 maxime
854 1052 1046 1099 prona3
1085 1035 1228 1084 unde
1265 1034 1431 1084 causas
1465 1029 1576 1083 tur·-

267 1111 416 1174 pium
462 1108 719 1160 factorum
762 1108 907 1174 saepe
949 1108 1160 1159 extitisse
1205 1111 1407 1160 utinam
1447 1108 1574 1159 falso

267 1188 561 1244 jactaretur:
619 1186 854 1242 alteram,
892 1186 1060 1248 quod,
1099 1186 1333 1250 quisquis
1367 1182 1577 1235 futurus

269 1258 341 1306 est
386 1260 476 1307 ille
518 1271 847 1326 praeceptor,
903 1261 1168 1308 liberalius
1211 1271 1444 1325 tempora
1489 1257 1578 1308 sua

269 1334 599 1398 impensurus
632 1337 729 1384 uni
760 1335 999 1392 videtur,
1049 1352 1206 1399 quam
1240 1333 1278 1383 fi
1310 1334 1490 1384 eadem
1519 1335 1579 1382 in

235 1410 444 1474 aplures
473 1412 736 1473 partiatur.
815 1412 966 1459 Prior
995 1409 1139 1459 causa
1163 1408 1370 1474 prorsus
1396 1410 1643 1475 gravis.25

266 1501 388 1531 nam
411 1483 447 1532 fi
475 1484 658 1534 studiis
679 1485 896 1548 quidem
919 1484 1115 1534 scholas
1138 1482 1385 1550 prodeffe,
1418 1485 1580 1534 mori-
1652 1506 1656 1511 ·

268 1552 366 1606 bus
391 1570 564 1610 autem
588 1577 799 1616 nocere,
838 1559 1112 1617 constaret,
1150 1561 1326 1624 potior
1350 1559 1486 1608 mihi
1501 1575 1579 1607 ra-

269 1634 345 1682 tio
369 1635 588 1682 vivendi
612 1634 848 1691 honeste,
893 1653 1050 1700 quam
1076 1636 1162 1683 vel
1187 1636 1382 1698 optime
1403 1633 1582 1682 dicen-

271 1708 354 1766 di,
404 1709 684 1758 videretur.
788 1709 888 1758 Sed
925 1726 1039 1760 mea
1079 1709 1301 1774 quidem
1331 1706 1580 1757 sententia

270 1786 445 1844 juncta
475 1783 569 1832 ista
601 1795 754 1848 atque
773 1784 1043 1835 indiscreta
1068 1784 1199 1833 sunt.
1243 1785 1580 1848 nequeenim

274 1855 370 1906 effe
398 1869 679 1917 oratorem,
710 1858 806 1907 nifi
827 1861 1028 1909 bonum
1050 1862 1250 1917 virum,
1287 1850 1465 1920 judico
1476 1876 1491 1918 ;
1530 1868 1582 1906 et
1648 1922 1650 1924 V

274 1931 414 1991 fieri,
453 1936 608 1983 etiam
634 1934 671 1983 si
697 1932 883 2000 poffet,
919 1937 1061 1984 nolo.
1113 1935 1176 1983 de
1206 1935 1300 1982 hac
1330 1951 1387 1982 re
1420 1935 1583 1998 igitur

237 2010 434 2072 4prius.
514 2011 797 2073 Corrumpi
836 2027 1006 2060 mores
1044 2012 1102 2058 in
1136 2009 1324 2058 scholis
1366 2018 1581 2074 putant:

271 2100 394 2132 nam
445 2094 496 2131 et
548 2093 961 2149 corrumpuntur
1007 2086 1244 2135 interim:
1303 2083 1392 2134 sed
1435 2083 1583 2132 domi

355 2214 461 2249 eciam
483 2211 520 2261 fi
546 2212 671 2263 poffee.
726 2213 825 2249 Voss‘.
854 2222 890 2255 3.
927 2213 1039 2248 Goth.
1066 2214 1083 2256 <
1094 2222 1159 2247 tac.
1185 2202 1308 2255 Gesn.)
1331 2222 1367 2247 et
1391 2210 1511 2247 Guelf.
1540 2220 1584 2246 ut

273 2274 310 2300 et
331 2276 423 2301 vett.
446 2267 526 2302 edd.
549 2266 678 2316 potest.
734 2269 822 2304 Non
844 2267 947 2302 male.
989 2268 1122 2302 Badius
1142 2268 1295 2316 primus,
1324 2277 1503 2314 quantum
1527 2266 1582 2300 vi·

274 2320 343 2355 deo
357 2344 366 2359 ‚
395 2321 534 2371 poffot5
571 2323 636 2357 nffi
657 2323 756 2369 quod
778 2322 874 2358 Gibr.
900 2323 944 2356 de
966 2323 1141 2357 varietate
1160 2331 1272 2360 tacet.
1301 2334 1386 2356 cum
1405 2320 1583 2368 receperit

272 2375 408 2424 poffet‚
439 2386 480 2410 ut
501 2377 685 2424 suspiceris
709 2378 748 2411 in
769 2375 939 2413 omnibus
961 2378 1031 2412 suis
1049 2389 1132 2412 eum
1153 2377 1330 2412 inveniffe
1350 2375 1443 2418 hom
1479 2375 1580 2424 quod

272 2429 396 2465 saltem
419 2431 465 2465 de
487 2430 620 2466 Aldina
639 2434 736 2470 secus
761 2432 819 2467 eft.

321 2538 471 2574 videtur.
522 2539 681 2575 Atteude
703 2541 901 2589 proprietu-
956 2550 1039 2582 tur:
1077 2540 1186 2588 paulo
1222 2551 1305 2575 ante
1342 2538 1582 2587 (eonsulant)

273 2600 346 2627 tem
379 2593 578 2641 loquendi3
618 2595 700 2633 hic,
731 2595 795 2630 ubi
825 2608 901 2630 mo·
955 2597 1296 2642 conjunctivo.cum
1316 2596 1362 2630 ἐκ
1383 2593 1582 2629 mentem-

270 2658 437 2683 mentum
474 2649 554 2684 talis
585 2650 794 2700 argumenti
827 2651 900 2699 ipse
956 2651 1187 2688 sentientium
1211 2650 1434 2699 loquetetur,

270 2704 430 2752 agnoscit
459 2706 551 2753 Qu..
591 2704 791 2742 indicativo
830 2707 900 2742 uti-
