1656 2990
239 206 359 238 xxu
670 184 1110 238 PRAEFATIO.

237 311 414 364 saltem
435 330 462 362 a
482 329 567 363 me
587 329 858 379 perperam
881 312 976 363 effe
1004 313 1200 362 factum
1219 328 1549 378 nequaquam

240 402 395 450 credo
412 439 427 460 ,
494 401 640 467 quod
678 403 897 451 Criticae
934 419 1147 468 quoque
1186 402 1401 454 rationis
1436 401 1549 466 ple-

158 505 161 509 *
241 506 468 554 rumque
510 507 712 539 memor
757 488 854 538 fui.
961 491 1273 558 Quicunque
1322 499 1554 538 veterem

239 578 439 626 librum
468 577 752 642 legendum
779 575 961 634 sumit,
1013 577 1116 625 hoc
1151 578 1291 642 apud
1319 578 1554 625 animum

240 663 395 714 suurn
423 665 698 715 constituat
721 661 914 712 necesse
938 663 1037 722 est,
1073 682 1183 713 non
1204 662 1344 730 poffe
1373 665 1553 712 lectio-

241 770 365 800 nem
398 770 511 801 eam
547 753 676 801 adeo
712 752 1006 817 expeditam
1037 749 1133 799 effe
1166 761 1217 800 et
1247 762 1436 809 tutam,
1495 767 1552 798 ac

240 838 279 888 fi
305 842 363 888 in
396 840 643 905 scriptore
674 839 890 890 suorum
925 850 1223 904 temporum
1251 838 1551 889 versaretur.

242 929 350 995 Qui
381 927 525 977 secus
559 939 769 993 putant,
815 930 856 976 ii
885 927 936 975 se
964 926 1310 976 ludificandos
1341 927 1555 992 permit-

244 1025 365 1063 tunt
401 1033 587 1065 eorum
619 1018 939 1081 ignorantiae
970 1016 1141 1063 dicam
1177 1033 1242 1063 an
1276 1014 1556 1080 impuden-

245 1102 371 1161 tiae,
429 1106 523 1168 qui
552 1106 850 1153 varietatem
887 1105 1051 1153 ullam
1092 1102 1371 1168 scripturae
1406 1105 1465 1151 in
1496 1103 1554 1149 V.

246 1201 300 1239 et
318 1193 387 1239 N.
409 1191 722 1241 Testamenti
745 1193 892 1241 libris
927 1191 1158 1240 inveniri
1188 1190 1350 1239 hodie
1383 1190 1556 1246 etiam,

246 1279 307 1329 in
324 1288 464 1327 tanta
476 1281 694 1329 Criticae
708 1280 871 1328 [acrae
889 1282 1023 1337 luce,
1064 1277 1344 1344 praefracte
1363 1287 1414 1326 et
1435 1290 1558 1326 cum

247 1367 655 1432 prudentiorum
722 1367 992 1417 manifesto
1054 1367 1290 1416 ludibrio
1351 1374 1554 1430 negant.

245 1454 439 1519 Neque
487 1467 594 1504 erat
635 1474 733 1521 pro
784 1473 899 1503 mea
946 1456 1229 1520 religione,
1293 1454 1558 1502 veteribus

247 1544 497 1608 exemplis
529 1562 641 1606 non
670 1543 1058 1600 addicentibus,
1103 1543 1304 1605 ubique
1331 1542 1389 1588 in
1416 1549 1561 1588 textu

247 1646 470 1695 ponere,
539 1630 684 1695 quod
734 1632 869 1680 mihi
918 1629 1233 1678 veriffimum
1277 1628 1560 1677 videret-un

247 1720 325 1766 Ita
355 1717 551 1767 factum
574 1719 670 1776 est,
711 1729 773 1767 ut
797 1717 1077 1766 sententiae
1107 1715 1366 1765 eruendae
1400 1713 1560 1771 causa,

249 1804 398 1871 saepe
439 1806 504 1856 ad
543 1808 741 1856 criticas
771 1816 918 1855 notas
962 1803 1081 1852 elset
1124 1802 1438 1868 ablegandus
1472 1802 1561 1850 vel

247 1895 291 1942 is
314 1895 504 1952 lector,
543 1896 638 1959 qui
671 1911 848 1942 earum
881 1894 1120 1940 omnium
1149 1892 1365 1955 gratiam
1393 1890 1560 1938 liben-

249 1981 426 2029 tiffime
456 1983 592 2031 mihi
619 1991 726 2028 erat
751 1980 995 2028 facturus,
1090 1981 1336 2028 Ceterum
1365 1977 1562 2026 secrevi

252 2067 442 2116 diversi
473 2070 674 2133 generis
700 2079 873 2125 notas,
919 2066 1127 2115 secutus
1157 2065 1562 2116 doctiffimorum

250 2157 590 2219 popularium
652 2172 919 2212 meorum,
1003 2154 1269 2219 ipsiusque
1327 2150 1561 2207 Gesneri,

251 2244 581 2308 exemplum,
627 2248 773 2304 cujus
808 2244 866 2291 in
896 2238 1221 2310 Quintiliano
1254 2239 1455 2289 summa
1487 2237 1559 2285 est

251 2332 538 2379 auctoritas.
619 2332 725 2399 Qui
746 2331 908 2395 igitur
933 2346 1075 2377 meae
1105 2328 1230 2378 fidei
1257 2337 1393 2377 recte
1418 2343 1559 2375 com-

247 2419 451 2466 mittere
481 2417 582 2465 sese
610 2416 748 2483 posse
778 2417 871 2470 libi
909 2417 1147 2474 videtur,
1195 2431 1368 2479 neque
1401 2415 1560 2478 origi-

251 2521 374 2553 nem
410 2516 460 2553 et
490 2509 571 2566 jus
606 2509 744 2566 ejus,
820 2521 950 2569 quae
985 2506 1043 2552 in
1081 2514 1225 2552 textu
1266 2500 1427 2568 pofita
1471 2499 1559 2558 est,

253 2590 532 2658 scripturae
569 2592 877 2658 investigare
905 2593 1130 2649 laborat,
1181 2593 1225 2640 is
1255 2607 1322 2639 ne
1349 2588 1559 2658 scriptas
