1656 2990
283 256 379 324 4‘16
600 268 671 311 M.
707 268 838 313 ΕΑΒ.
875 266 1279 327 QUINTILIANI

283 387 678 443 difficillimum,
714 389 784 434 ita
810 385 981 436 nesci0
1011 405 1076 435 an
1102 389 1347 436 minimae
1375 391 1590 455 legenti-

280 464 379 511 bus
406 462 650 510 futurum
679 464 963 526 voluptati:
1013 464 1208 527 quippe
1247 464 1391 527 quod.
1427 482 1590 529 prope

282 537 480 586 nudam
519 548 914 602 praeceptorum
955 538 1289 587 traditionem
1327 537 1587 591 defideret.

250 616 344 667 5111
377 614 554 661 ceteris
586 615 728 660 enim
756 612 1030 661 admiscere
1056 615 1367 662 tentavimus
1392 615 1591 677 aliquid

281 690 492 744 nitoris,
528 706 637 736 non
673 688 892 747 jactandi
922 689 1122 752 ingenii
1153 691 1310 752 gratia
1336 690 1357 750 (
1367 705 1591 753 namque

279 764 337 814 in
361 764 414 811 id
441 764 563 827 eligi
581 765 790 810 materia
814 774 1013 826 poterat
1037 764 1280 828 uberior)
1304 762 1393 812 sed
1410 774 1470 812 ut
1490 765 1592 812 hoc
1649 772 1656 787 ¹

281 836 394 902 ipso
428 840 746 894 alliceremus
775 840 936 902 magis
968 842 1295 898 juventutem
1323 838 1389 886 ad
1413 840 1592 904 cogni-

281 908 483 962 tionem
519 930 727 970 eorum,
767 930 898 977 quae
936 911 1204 961 neceffaria
1239 913 1421 962 studiis
1458 915 1592 962 arbi-

282 1000 503 1045 tramur,
541 987 579 1036 fi
608 988 753 1036 ducti
786 988 1107 1049 jucunditate
1135 990 1308 1053 aliqua
1338 990 1591 1045 lectionis,

282 1065 530 1113 libentius
564 1061 816 1111 discerent
846 1081 928 1121 ea,
957 1081 1187 1127 quorum
1217 1081 1284 1112 ne
1315 1067 1487 1124 jejuna
1521 1075 1592 1112 at·-

284 1157 387 1202 que
419 1139 559 1186 arida
585 1138 795 1187 traditio
825 1149 1076 1203 averteret
1107 1140 1331 1196 animos,
1368 1149 1422 1186 etr
1444 1154 1592 1187 aures

282 1213 578 1278 praesertim
607 1224 711 1266 tam
741 1213 978 1262 delicatas
1007 1213 1232 1270 raderet,
1270 1214 1589 1262 verebamur.

246 1306 273 1347 4
285 1307 385 1353 qua
405 1290 603 1337 ratione
623 1287 674 1336 se
692 1289 965 1338 Lucretius
987 1287 1113 1336 dicit
1131 1299 1398 1353 praecepta
1418 1289 1593 1354 philo-

336 1452 506 1485 minimae.
553 1451 608 1483 Ita
626 1450 751 1484 Locat.
770 1450 875 1484 Rure.
918 1450 1040 1486 Ceteri
1058 1449 1207 1496 quidem
1231 1461 1368 1488 omnes,
1387 1460 1478 1497 quos
1500 1449 1594 1495 vidi,
1650 1469 1656 1481 ,

280 1503 368 1539 libri
399 1507 554 1542 minime,
583 1503 809 1538 adverbium.
867 1504 935 1538 Sed
956 1504 1133 1539 Codicum
1165 1505 1204 1539 in
1237 1505 1331 1540 hisce
1353 1503 1453 1538 nulla
1476 1514 1594 1538 aucto-

282 1560 379 1594 ritas.
437 1559 535 1605 Quid
556 1559 595 1592 in
623 1558 835 1593 Florentino
858 1559 1040 1593 inveniret
1060 1571 1134 1593 non
1153 1559 1318 1607 prodidit
1339 1560 1495 1609 Regius,
1527 1559 1594 1597 sed,

284 1627 367 1648 cum
394 1615 468 1661 ipse
488 1612 703 1648 adverbium
723 1625 791 1660 pro
814 1613 991 1659 adjectivo
1013 1613 1086 1664 legi
1106 1614 1265 1653 suadent,
1293 1613 1479 1662 probabile
1498 1614 1538 1648 fit
1556 1614 1596 1647 iu

285 1682 328 1704 eo
349 1681 494 1716 quoque
522 1668 589 1702 effe
618 1668 772 1702 nostram
791 1669 1014 1716 scripturam.
1070 1669 1243 1703 Latinum
1265 1670 1332 1703 effe
1353 1671 1488 1704 minime
1509 1669 1547 1703 h.
1569 1667 1593 1703 l.

281 1724 355 1759 vix
384 1723 510 1764 credo;
540 1722 698 1757 desidero
729 1724 825 1757 enim
854 1723 976 1757 locum
998 1722 1142 1757 ubisit:
1170 1723 1265 1762 „hoc
1287 1723 1379 1758 mihi
1400 1724 1504 1758 valde
1523 1723 1596 1758 fuit

284 1778 532 1827 „voluptati.“
586 1778 753 1824 Magnae
779 1779 975 1825 voluptati,
997 1777 1154 1826 summae
1185 1780 1382 1827 voluptati,
1422 1778 1594 1825 frequens

284 1833 414 1872 etiam,
443 1843 485 1868 ut
504 1832 579 1868 Cic.
603 1832 647 1866 ad
665 1834 743 1868 Att.
766 1842 802 1871 2,
829 1843 891 1877 25.

332 1949 369 2000 fi
389 1970 444 1978 —
461 1949 642 1998 discerent.
673 1955 710 1988 Si
727 1953 766 1988 h.
779 1953 803 1988 l.
826 1955 916 1989 acci·

284 2017 328 2052 pe
350 2019 397 2040 an
416 2006 551 2040 Graeco
572 2020 689 2047 more,
707 2009 915 2054 cujusmodi

286 2061 369 2094 usus
392 2060 584 2101 Ciceroni,
605 2064 763 2102 Caesari,
787 2064 914 2103 Livio,

288 2115 419 2149 Tacito
447 2118 465 2160 (
477 2126 512 2149 et
541 2118 602 2152 cui
620 2129 694 2152 nou
706 2117 753 2162 ‘?)
780 2119 828 2153 est
846 2119 916 2152 fre.

286 2181 412 2216 quens.
476 2171 571 2207 Vide
599 2172 695 2206 inter
733 2172 914 2220 plurimos

284 2224 353 2271 qui
382 2225 426 2259 de
456 2238 499 2260 eo
527 2237 680 2277 egerunt
702 2228 853 2262 Tui-fell.
877 2241 914 2276 p.

286 2278 342 2313 ed.
373 2281 470 2328 Lips.
509 2291 599 2327 907.
655 2281 838 2317 Drakenb.
871 2283 916 2317 ad

271 2333 371 2378 „Lim
392 2341 438 2380 4,
462 2345 524 2373 20,
545 2343 570 2380 8
595 2346 629 2371 et
649 2339 915 2387 I-Ieufingerum

285 2389 398 2436 praef.
429 2389 472 2423 ad
506 2391 581 2427 Cic.
613 2390 657 2426 de
685 2392 759 2427 Off.
790 2405 825 2439 p.
847 2399 913 2437 48.

286 2443 333 2478 cf.
353 2454 390 2478 et
411 2445 519 2479 nostr.
544 2455 580 2488 7,
601 2455 636 2484 2,
659 2453 695 2487 5.
719 2447 791 2484 „est
810 2459 916 2494 quae-

283 2499 420 2542 „ficum
438 2498 538 2548 —fi
555 2518 610 2528 ——
628 2501 750 2534 effet.“

341 2554 540 2590 Lucretius.
597 2556 718 2590 Locus
732 2555 793 2602 1³³³
815 2565 914 2590 extat

285 2607 327 2641 in
347 2620 454 2656 opere
476 2611 695 2644 Lucretinno
720 2623 751 2648 1,
774 2617 854 2658 954
877 2620 913 2645 et

284 2668 324 2708 4,
347 2676 408 2699 ιι.
466 2664 544 2703 Sed,
573 2674 714 2712 praeter
734 2660 919 2700 leviorexu

274 2714 524 2758 *differentium
538 2720 605 2754 Sed
625 2719 810 2765 alteroque
830 2721 910 2755 loco

285 2772 378 2818 Nam
397 2785 464 2820 pro
482 2786 555 2820 quo
568 2773 806 2821 Quintilianei
825 2775 911 2810 l-ibri

969 1954 1102 1989 habent
1125 1954 1176 1989 Ac
1210 1957 1278 1999 (an
1308 1952 1456 1989 volebat
1475 1949 1597 1997 At?)‚

969 2010 1117 2060 infiguis
1159 2009 1206 2044 est
1242 2010 1427 2044 diverfitas
1473 2005 1594 2042 altera.
1621 2045 1627 2053 ι

970 2068 1039 2099 Pro
1060 2063 1231 2112 Aspis-ant
1249 2065 1287 2099 in
1306 2063 1471 2100 Lucretii
1492 2061 1596 2097 libris

970 2120 1017 2155 est
1039 2121 1273 2167 Contingunt,
1301 2118 1400 2166 quod
1420 2118 1534 2165 ipsum
1556 2117 1595 2150 in
1617 2160 1623 2162 -

971 2174 1089 2208 nostro
1118 2173 1198 2208 loco
1227 2173 1369 2209 nonnifi
1397 2171 1488 2207 editi
1516 2171 1609 2218 qui-1
1635 2214 1641 2222 ¹

971 2229 1052 2263 dam
1076 2239 1218 2276 ponunt
1239 2230 1278 2263 in
1306 2228 1491 2279 margine!
1518 2227 1595 2260 imo

971 2284 1010 2318 in
1031 2293 1145 2322 textu,
1176 2293 1229 2322 ut,
1258 2293 1399 2331 praeter
1422 2293 1597 2315 memora-

952 2348 1050 2377 v¹:02²„
1092 2337 1261 2389 Gryphii.
1319 2338 1493 2373 Gesnerus
1522 2348 1599 2370 mo-

971 2403 1032 2427 net
1052 2406 1071 2426 a
1087 2394 1231 2427 Gifnnio
1253 2401 1287 2427 et
1299 2390 1477 2427 Lambino
1490 2403 1598 2440 agno-

971 2443 1023 2482 sci
1041 2447 1154 2481 libros
1163 2447 1399 2482 Lucreti-‘mos
1418 2446 1483 2491 qui
1500 2457 1597 2492 prae-

970 2503 1108 2538 ferant:
1158 2499 1340 2549 Aspiran‘t.
1396 2502 1477 2539 Hoc
1506 2501 1594 2537 sane,

970 2566 1097 2604 utpote
1109 2555 1303 2595 difficilius,
1317 2555 1456 2591 Critico
1468 2555 1592 2603 magis,

967 2611 1125 2658 placeat;
1157 2611 1213 2645 sed
1240 2613 1447 2658 contingunt
1474 2609 1592 2657 ipsum

967 2666 1074 2701 habet
1103 2665 1260 2712 aliquem
1290 2663 1476 2702 vetustatis
1499 2663 1594 2698 colo·

966 2734 1064 2759 rem,
1110 2731 1152 2755 ut
1188 2722 1357 2755 videatur
1393 2729 1590 2764 utrumqne

966 2765 1113 2812 diversis
1165 2774 1384 2810 editionibus
1442 2772 1590 2819 posuiss'c.»
