1656 2990
381 208 545 254 INST.
585 205 862 252 ORATOR.
899 205 1020 251 LIB.
1052 205 1091 262 1,
1125 219 1164 250 1.
1383 216 1445 265 29

93 346 254 401 rudes
278 363 443 397 annos
463 343 788 396 reformidet.
869 341 1042 394 Lusus
1060 341 1149 391 hic
1164 340 1253 390 fit:
1292 351 1345 390 et
1358 359 1447 392 ro-

95 438 276 495 getur,
319 435 372 473 et
398 423 668 482 laudetur,
702 431 753 472 et
782 438 1062 487 nunquam
1097 437 1209 471 non
1232 417 1373 469 fciffe
1391 419 1446 468 [e

96 503 338 571 gaudeah·
415 499 704 567 aliquando
757 498 873 566 ipso
924 499 1144 550 nolente
1193 497 1448 547 doceatur

98 581 249 639 alius,
290 581 377 630 cuj
403 577 656 628 invideat.
701 576 983 627 contendat
1007 575 1242 635 interim,
1267 585 1321 623 et
1345 574 1452 622 sae-

98 659 222 726 pius
255 659 470 707 vincere
506 654 558 704 se
590 665 753 721 putet.
809 655 1057 720 praemiis
1083 655 1271 711 etiam,
1315 669 1453 719 quae

102 735 240 800 capit
270 735 363 782 illa
399 743 560 792 aetas,
604 742 869 781 evocetur.
972 733 1138 779 Parva
1175 729 1512 787 docenius,²²

99 810 489 862 instituendum
523 819 785 860 oratorem
819 807 1052 875 profeffi:
1119 806 1211 857 sed
1251 805 1324 856 est
1360 806 1453 856 sua

98 890 259 938 etiam
295 886 482 936 studiis
516 884 765 934 infantia:
807 896 881 944 et,
920 896 982 935 ut
1010 902 1302 951 corporum
1324 901 1454 934 mox

99 966 258 1014 etiam
279 962 675 1013 foitissimorum
698 961 943 1012 educatio
978 980 1007 1010 a
1032 963 1164 1010 lacte
1187 963 1451 1027 cunisque

96 1042 317 1091 initium
347 1040 520 1099 ducit3
559 1039 630 1087 ita
644 1037 859 1088 futurus
876 1038 1323 1105 eloquentiffimus
1340 1038 1453 1087 edi·
1498 1050 1504 1057 “

40 1131 91 1161 20
105 1119 186 1168 dit
218 1117 504 1182 aliquando
530 1117 799 1182 vagitum,
837 1127 889 1165 et
917 1117 1071 1182 loqui
1092 1117 1331 1182 primum
1370 1117 1454 1164 in-

101 1205 239 1246 certa
257 1211 391 1244 voce
419 1194 658 1251 tentavit,
695 1204 747 1241 et
768 1193 930 1242 haesit
955 1195 1091 1242 circa
1116 1192 1314 1243 formas
1334 1194 1455 1242 lite-

100 1290 293 1323 rarum.
351 1289 449 1320 nec
471 1270 510 1319 fi
537 1270 669 1336 quid
694 1269 891 1319 discere
917 1269 1035 1321 fatis
1057 1289 1169 1320 non
1195 1269 1284 1330 est,
1323 1269 1451 1321 ideo

101 1367 199 1409 nec
233 1346 429 1398 neceffe
464 1346 548 1396 est.
632 1347 795 1417 Quod
834 1347 872 1397 fi
913 1366 1074 1398 nemo
1104 1346 1449 1414 reprehendit
1462 1356 1514 1384 22

52 1440 55 1442 ’
101 1437 327 1495 patrem,
366 1426 463 1492 qui
498 1425 627 1474 haec
661 1440 774 1475 non
796 1425 1193 1491 negligendam
1220 1424 1314 1475 suo
1336 1423 1450 1474 filio

31 1495 45 1506 ’
102 1513 280 1571 putet,
321 1521 416 1552 cur
435 1503 782 1569 improbetur,
821 1502 859 1551 fi
883 1504 1003 1569 quis
1030 1520 1104 1561 ea,
1143 1520 1280 1568 quae
1300 1502 1457 1552 domi

104 1579 223 1632 suae
245 1590 383 1629 recte
409 1579 627 1638 faceret,
665 1581 724 1628 in
760 1581 1045 1646 publicum
1082 1582 1318 1647 promit?
1363 1583 1455 1629 At-

105 1664 211 1724 que
234 1674 298 1706 eo
321 1658 501 1722 magis,
539 1657 688 1722 quod
711 1658 921 1709 minora
942 1659 1101 1707 etiam
1123 1656 1333 1707 facilius
1353 1659 1458 1706 mi-

104 1751 261 1785 nores
282 1735 586 1799 percipiunt
597 1751 610 1791 ;
648 1742 714 1791 et,
749 1745 810 1782 ut
840 1751 1061 1800 corpora
1089 1734 1156 1784 ad.
1193 1735 1457 1800 quosdam

102 1811 470 1861 membrorum
493 1809 660 1859 flexus
691 1808 937 1869 formari,
974 1810 1074 1860 nifi
1095 1822 1307 1871 tenera,
1341 1828 1456 1861 non

105 1885 341 1954 ponunt,
380 1886 448 1935 fic
483 1888 685 1935 animos
719 1903 938 1952 quoque
974 1886 1041 1936 ad
1075 1889 1329 1954 pleraque
1353 1888 1456 1937 du-

106 1963 274 2012 riores
305 1964 472 2013 robur
497 1962 674 2028 ipsum
700 1961 837 2013 facit.
916 1965 1001 2013 An
1025 1965 1306 2031 Philippus
1330 1968 1448 2015 Ma·
1462 1984 1515 2022 25

110 2039 375 2088 cedonum
398 2058 491 2088 rex
516 2039 813 2090 Alexandro
837 2038 950 2090 filio
973 2039 1068 2091 suo
1083 2044 1256 2108 prima
1280 2043 1455 2092 litera-

107 2133 231 2166 rum
256 2116 512 2164 elementa
535 2115 673 2165 tradi
690 2116 752 2165 ab
774 2117 1068 2177 Aristotele,
1108 2118 1316 2169 summo
1337 2124 1453 2180 ejus

106 2193 283 2241 aetatis
321 2191 668 2259 philosopho,
718 2192 992 2253 voluisset,
1029 2207 1120 2245 aut
1155 2197 1248 2245 ille
1286 2196 1456 2246 susce-

105 2267 254 2336 piffet
276 2269 380 2319 hoc
410 2269 668 2330 officium,
717 2269 756 2319 fi
794 2289 909 2321 non
950 2271 1253 2323 studiorum
1285 2274 1454 2334 initia,

173 2420 330 2471 faceret.
389 2425 501 2458 Recte
521 2434 678 2459 moneor
698 2437 717 2459 a
748 2424 858 2459 docto
882 2424 1044 2473 quodam
1067 2426 1210 2467 amico,
1244 2426 1453 2474 conjuncti-

105 2489 200 2514 vum
224 2479 432 2527 imperfecti
461 2479 571 2525 hujus
604 2492 680 2515 non
705 2481 774 2516 ess'e
796 2481 892 2520 loci,
933 2483 1000 2516 niti
1021 2482 1118 2518 forte
1152 2494 1245 2519 recte
1266 2483 1453 2532 explicue-

105 2533 158 2568 tiz
189 2549 267 2569 cum
298 2536 415 2570 laude.
474 2539 617 2587 Agetur
651 2537 696 2571 de
731 2549 772 2571 ea
802 2550 842 2572 re
874 2537 918 2572 ad
945 2552 978 2578 1,
1001 2545 1040 2584 8,
1067 2548 1104 2583 5.
1138 2553 1227 2588 opus
1251 2538 1314 2588 eft.
1369 2541 1454 2577 Jam

106 2587 323 2640 diligentius
344 2591 514 2640 inspectis
537 2591 642 2627 libris
667 2603 818 2641 apparet
840 2593 949 2628 Bodl.
974 2595 1062 2629 dans
1074 2595 1229 2644 fecerat,
1264 2608 1300 2630 et
1321 2596 1455 2631 Tarvi-

104 2646 178 2680 fina
199 2645 218 2694 (
235 2650 368 2694 1482)
382 2648 543 2696 feceret,
577 2648 675 2685 unde
700 2660 827 2686 veram
851 2649 971 2686 efficio
986 2652 1225 2701 scripturam:
1249 2651 1394 2701 fecerit.

150 2755 306 2806 faceret.
362 2759 440 2795 vid.
465 2770 540 2796 not.
568 2761 662 2798 Crit.
