1656 2990
300 194 465 240 INST.
503 155 781 242 ORATOR.
819 195 940 239 Lm.
975 194 1073 252 111,
1111 196 1156 240 6.

1304 207 1397 255 527

1 318 4 321 ’
46 314 162 391 fit?
204 318 505 385 ambigitur.
596 322 744 388 Quae
783 319 963 368 onmia
1006 317 1294 370 succedunt
1327 322 1402 369 le-

24 422 29 438 «
61 396 260 461 gitimis
295 394 706 461 quaestionibus.
783 398 867 444 An
894 413 1007 445 non
1037 395 1399 464 praescriptio·
1412 413 1460 446 72

59 489 155 522 nes
195 473 391 538 (etiam
428 474 488 520 in
533 473 728 537 quibus
770 474 997 521 maxime
1043 473 1260 523 videtur
1291 493 1401 523 ma-

59 547 247 597 nifesta
283 549 584 613 translatio)
634 548 843 606 easdem
877 566 1060 600 omnes
1087 549 1281 615 species
1309 552 1400 600 ha-

57 624 216 684 bent,
265 642 395 691 quas
423 642 512 674 eae
540 627 706 691 leges,
754 626 951 691 quibus
982 628 1180 692 agitur,
1220 639 1283 677 ut
1311 639 1401 678 aut

3 745 6 747 ,
58 700 126 750 de
154 703 402 761 nomine,
453 713 544 751 aut
568 701 760 768 scripto
797 713 847 750 et
876 701 1157 762 sententia,
1205 706 1294 753 vel
1322 723 1400 754 ra-

11 781 17 794 ⁷
57 779 743 844 tiocinatione‚quaeratur‘2
764 777 976 828 Deinde
988 779 1145 830 status
1158 798 1221 829 ex
1241 800 1402 847 quae-
1466 823 1469 827 .

57 853 228 906 stione
258 857 452 916 oritur3
503 857 770 909 translatio
802 873 915 907 non
949 857 1108 908 habet
1141 858 1400 925 quaestio-

141 1042 164 1064 ο
191 1027 326 1079 quaest.
356 1033 480 1067 oritur.
537 1033 595 1067 Ita
613 1033 741 1069 Turic.
761 1030 884 1068 Guelf.
906 1031 1020 1068 Goth.
1052 1032 1140 1080 (tac.
1161 1034 1289 1077 Gesn.)
1312 1046 1401 1068 cum

58 1082 160 1120 Alm.
180 1085 300 1121 tribus
320 1087 422 1124 Voss'.
443 1097 480 1122 et
500 1089 609 1124 Bern.
669 1090 815 1128 Ceteri,
845 1102 931 1124 cum
953 1092 1090 1125 excufis
1111 1091 1263 1139 quidem
1284 1091 1404 1125 omni-

58 1138 154 1176 busz
201 1144 230 1176 e*
249 1142 383 1191 quaest.
414 1146 563 1179 oriatur.
638 1144 757 1180 Iidem
787 1146 907 1180 excufi
938 1157 1065 1180 omnes
1097 1147 1403 1198 interrogationis

59 1197 204 1247 [ignum
235 1208 382 1246 ponunt
411 1198 564 1235 demum
593 1200 672 1248 post
703 1203 862 1240 oriatur,
901 1210 938 1235 et
958 1214 977 1236 a
994 1215 1087 1237 voce
1115 1204 1320 1239 Translatio
1340 1216 1405 1238 uo-

57 1265 153 1287 vum
182 1254 322 1288 sensum
353 1254 566 1291 ordiuntur.
622 1256 831 1303 Equidem,
860 1270 971 1304 quam
1003 1257 1089 1293 dedi
1119 1259 1404 1299 distinctionem,

57 1308 190 1344 inveni
208 1309 323 1358 ipsam
342 1311 381 1346 in
404 1311 530 1348 Guelf.
555 1321 591 1346 et
610 1312 726 1347 Goth.
786 1316 830 1347 In
858 1312 1012 1364 vulgata
1042 1316 1229 1362 conjunct.
1262 1317 1400 1351 oriatur

57 1365 196 1413 pendet
213 1365 257 1401 ab
278 1377 341 1407 ut,·
374 1367 434 1403 sed
465 1367 567 1415 quod
594 1368 791 1415 subjicitur
817 1370 958 1405 Transl.
991 1391 1046 1397 -—
1076 1371 1259 1407 contendit
1290 1371 1399 1407 abru-

59 1430 170 1470 ptum
195 1420 303 1470 plane
331 1423 382 1457 est
409 1433 446 1457 et
476 1423 716 1464 salebrosum,
746 1425 847 1473 quod
871 1426 910 1459 in
932 1426 995 1460 ista
1016 1427 1276 1462 constitutione
1304 1428 1402 1463 mihi

61 1477 174 1512 etiam
205 1477 251 1512 de
278 1478 392 1529 gloffa
412 1480 614 1527 suspectum
635 1490 724 1515 erat.
782 1480 922 1516 Melior
942 1481 1064 1517 saltem
1083 1483 1180 1518 ratio
1201 1483 1284 1518 edd.
1307 1498 1402 1519 mea-

20 1550 22 1552 *
60 1544 160 1573 rum,
189 1545 210 1567 a
225 1533 403 1582 Gryphio
422 1535 508 1571 inde
533 1535 578 1571 ad
597 1535 696 1572 Gibs.
724 1548 862 1584 usque,
890 1549 982 1572 mox
1002 1550 1072 1585 pro
1095 1552 1165 1574 non
1186 1539 1295 1575 habet
1316 1541 1404 1575 dan-

60 1590 158 1624 tium
178 1602 250 1624 non
271 1590 403 1626 habeat
427 1591 484 1636 (et
504 1591 576 1626 hoc
597 1593 790 1628 revocavit
803 1593 978 1641 Capper.)
1008 1593 1139 1629 itidem
1160 1596 1403 1641 coniunctivo

60 1645 197 1685 modo,
236 1646 304 1693 qui
334 1656 371 1681 et
401 1647 477 1696 ipse
506 1647 663 1696 pendeat
691 1647 736 1684 ab
770 1659 821 1684 ut.
907 1649 977 1684 Sed
1011 1649 1108 1685 hanc
1139 1651 1257 1687 Codd.
1291 1666 1404 1700 paene

49 1713 190 1739 ,omnes
218 1702 429 1750 repudiant.
484 1703 543 1739 Sic
562 1704 734 1755 cogimur
753 1714 791 1739 et
810 1705 850 1739 in
873 1708 986 1741 oritur
1014 1707 1113 1741 tueri
1143 1707 1405 1750 indicativum,

14 1769 20 1774 ·
52 1767 100 1801 ,οε
131 1767 335 1806 utrumque
365 1771 386 1793 a
410 1759 620 1807 quaestione
647 1759 712 1795 illa
740 1761 898 1811 figurata
932 1763 1141 1812 sejungereg
1189 1776 1302 1811 quam
1330 1764 1405 1803 loci

61 1813 362 1850 constitutionem
389 1815 518 1865 sponte
544 1813 777 1865 praetuleris,
808 1827 851 1852 ut
879 1818 1005 1853 minus
1034 1818 1262 1871 languidam.

118 1967 287 2016 legitimis
307 1967 579 2019 quaestionibus.
609 1972 705 2006 Sunt

9 2052 11 2058 .
58 2021 209 2072 ‚eaedem
229 2037 324 2072 quae
342 2026 490 2074 legales.
521 2030 540 2072 ζ
550 2027 581 2072 §.
606 2026 702 2074 46.)

12 2110 15 2117 ,
57 2078 178 2115 Paulo
209 2078 320 2116 latius
349 2081 449 2116 idem
476 2083 703 2118 vocabulum

41 2134 110 2170 ’δε
138 2134 250 2172 rebus
272 2136 476 2173 forenfibus
508 2140 702 2188 usurpavit

18 2203 23 2213 ¹
65 2187 198 2228 Cicero
228 2193 378 2229 Orator.
403 2199 457 2241 54
485 2193 703 2246 „legitima-

60 2259 176 2288 „rum
226 2268 282 2277 —
328 2253 705 2286 controverfiarum.“

57 2305 138 2342 Pro
156 2303 294 2340 Archia
320 2317 351 2340 c-
371 2315 409 2341 2.
438 2306 503 2345 „in
530 2308 706 2355 quaestio-

35 2372 37 2374 ·
65 2371 138 2399 „ne
157 2358 362 2412 legitima.“
401 2361 578 2400 Institutt.
599 2363 665 2399 lib.
679 2374 702 2408 3

65 2415 144 2465 Tit·
169 2429 187 2451 ι
219 2417 251 2462 §.
278 2422 329 2464 14
379 2419 574 2466 „Utroque
603 2421 705 2455 enim

759 1973 854 2006 Sunt
877 1975 1107 2020 exceptiones
1128 1974 1329 2014 ICtornm,
1359 1986 1405 2009 nt

759 2027 892 2063 docent
920 2028 1068 2063 Lexica.
1127 2031 1265 2066 Graece
1294 2044 1406 2081 παρα-

758 2083 909 2134 γραφαί,
997 2084 1056 2120 Sic
1085 2096 1209 2120 autem
1248 2086 1293 2122 tle
1331 2088 1404 2123 hoc

756 2140 875 2175 verbo
899 2140 1068 2176 Budaeus
1092 2143 1238 2177 Comm.
1265 2144 1329 2178 Gr.
1356 2146 1402 2179 L.

757 2209 794 2244 p.
818 2196 882 2239 67.
918 2197 1026 2235 „leti
1046 2197 1087 2231 in
1107 2198 1295 2234 pandectis
1316 2213 1402 2248 pro-

759 2253 921 2291 „misene
959 2254 1164 2300 excipiendi
1205 2255 1322 2290 verbo
1363 2266 1401 2291 et

760 2307 1050 2356 „praescribendi
1102 2312 1155 2344 usi
1202 2311 1307 2346 funt:
1358 2311 1404 2347 li-

760 2375 841 2403 „cet
864 2363 1155 2412 praescriptionis
1175 2366 1403 2404 vocabulum

759 2420 882 2468 „apud
902 2421 1124 2456 recentiores
1141 2421 1268 2473 legum
1290 2425 1405 2459 inter-

19 2474 42 2496 '-
62 2472 186 2520 ‘ujures
200 2481 276 2508 tam
305 2473 466 2508 naturali
484 2487 594 2523 quam
618 2476 706 2524 legi·

16 2528 202 2571 .‡4„t1'mo“
251 2529 388 2564 citante
430 2531 616 2567 Briss'onio
658 2532 704 2567 de

14 2582 198 2633 squfferbb·
225 2585 342 2636 fignif.
367 2583 558 2634 succedere
579 2599 704 2623 autem

19 2630 136 2687 ὲμο
148 2638 282 2688 subjici
296 2653 340 2676 eo
357 2630 573 2693 fignffimtu,
591 2656 704 2692 quem

23 2683 43 2735 ,ἴ
66 2694 233 2731 vidimus
255 2695 300 2731 aa
319 2706 359 2747 5,
383 2707 420 2741 5,
443 2698 481 2734 6.

39 2759 47 2763 “
120 2750 432 2801 praescriptiones.-
470 2754 516 2788 cf·
540 2765 576 2798 7.
609 2768 638 2789 c.
662 2762 701 2798 5.

760 2486 907 2524 „pretes
938 2494 995 2505 ·——
1031 2477 1077 2511 ad
1104 2480 1403 2528 praescriptionis

760 2532 1088 2580 „exceptionisque
1107 2539 1275 2583 temporis
1297 2538 1405 2588 figni-

760 2588 997 2628 „ficationem
1037 2600 1243 2647 cqutatum
1279 2594 1322 2628 fit
1365 2603 1401 2628 et

759 2644 1065 2692 „praefinitu1n.“
1077 2649 1081 2651 ’

814 2701 1003 2736 translatio
1035 2721 1091 2729 —
1117 2715 1267 2752 propter
1297 2720 1401 2755 quam

759 2757 952 2791 contendit.
992 2758 1154 2806 Repetit,
1175 2773 1269 2808 quae
1288 2762 1400 2796 modo
