1656 2990
364 217 527 264 INST.
560 215 838 264 ORATOR.
874 215 993 261 Lm.
1023 216 1062 272 Ι,
1103 231 1142 262 ι.
1375 220 1435 272 23

94 353 269 393 tamen
299 360 412 395 non
452 342 748 408 continget,
789 341 968 406 quales
1004 341 1232 388 maxime
1269 341 1437 390 velim

94 422 327 470 nutrices
349 438 546 487 pueros
578 419 800 476 habere3
838 417 1173 484 paedagogus
1201 429 1252 466 at
1291 436 1439 467 unus

95 509 232 546 certe
254 497 316 546 fit
333 496 571 554 assffluus,
611 495 827 546 dicendi
848 512 962 544 non
987 495 1284 562 imperitus,
1325 498 1441 561 qui,

95 573 133 623 fi
156 592 260 640 qua
282 586 438 624 erunt
461 576 523 623 ab
546 575 630 624 his
654 572 921 640 praesente
941 573 1159 622 alumno
1196 572 1334 621 dicta
1357 574 1442 620 vi-

94 650 223 702 tiose
238 688 253 709 ‚
316 654 541 718 corrigat
589 651 862 717 protinus'‚
924 667 1022 698 nec
1075 648 1303 699 insidere
1355 651 1443 698 illi

95 726 246 778 fluat:
289 728 421 778 dum
447 740 623 778 tamen
637 728 980 793 intelligatur,
1020 726 1094 785 id,
1123 728 1268 792 quod
1292 729 1441 792 prius

94 804 236 863 dixi,
274 806 482 856 bonum
494 803 618 864 effe;
656 805 786 860 hoc,
829 803 1140 854 remedium.
1219 807 1502 857 AGrae-12

35 910 83 945 ¹7
99 899 163 931 co
185 881 426 932 sermone
457 900 687 948 puerum
712 882 947 946 incipere
981 883 1151 931 malo:
1195 882 1321 946 quia
1345 885 1445 931 La-

95 959 310 1018 tinum‚'
333 961 430 1026 qui
455 949 702 1025 pluribus
722 959 780 1007 in
804 957 905 1007 usu
930 957 1020 1015 est,
1056 959 1145 1007 vel
1171 960 1327 1008 nobis
1344 976 1446 1008 no-

150 1109 497 1161 velim-—affi‹luus.
528 1111 681 1160 Reliqui
703 1111 899 1147 lectionem
921 1124 942 1146 a
972 1111 1091 1162 Regio
1114 1110 1202 1146 inde
1214 1110 1342 1146 multis
1357 1124 1445 1160 pro-

94 1166 242 1208 batam,
269 1168 434 1204 maxime
454 1168 503 1205 ob
527 1168 646 1206 Codd.
667 1169 926 1204 auctoritatem
941 1194 952 1209 ,
992 1168 1058 1216 qni
1083 1167 1238 1216 quidem
1260 1167 1357 1202 nihil
1382 1182 1444 1204 va-

95 1224 216 1264 riant,
246 1225 312 1260 nisi
337 1225 441 1273 qnod·
460 1225 660 1261 Poullainii
683 1225 771 1262 eod.
801 1225 862 1260 dat
883 1225 1211 1274 paedagogosque,
1240 1237 1351 1272 qnam
1376 1238 1448 1260 vo.

95 1293 173 1318 cem
185 1293 255 1330 pro
277 1282 514 1332 paedagogus
528 1283 566 1317 in
580 1281 727 1330 aliquot
745 1281 1019 1330 exemplaribus
1037 1281 1110 1332 legi
1132 1281 1278 1316 testatur
1289 1282 1446 1332 Regius,

94 1336 272 1388 vetustum
302 1347 424 1374 tamen
447 1339 634 1388 exemplar
671 1343 687 1384 (
699 1339 799 1374 haud
822 1338 935 1374 dubie
958 1338 1221 1389 Poggianum)
1241 1338 1326 1373 dare
1346 1351 1446 1373 rece-

94 1404 198 1444 ptam
216 1393 426 1430 lectionem.
486 1397 661 1432 Ceterum
689 1407 913 1448 magnopere
933 1394 1099 1443 displicet
1123 1407 1160 1428 ea
1174 1420 1183 1433 ,
1217 1397 1279 1429 etti
1292 1409 1310 1428 n
1325 1394 1444 1430 Goth.

95 1462 244 1500 quoque
259 1459 296 1486 et
314 1451 437 1487 Guelf.
459 1453 611 1487 firmata.
670 1452 768 1500 Quid
795 1452 896 1487 enim
918 1451 966 1487 est
986 1450 1087 1499 quod
1108 1461 1258 1499 repente
1268 1453 1445 1487 nutricum

95 1507 232 1558 repetit
256 1507 513 1544 mentionem?
542 1511 591 1544 Et
615 1508 682 1556 qui
706 1510 788 1544 sunt
811 1511 945 1557 pueri?
981 1509 1078 1545 Nam
1105 1507 1328 1543 erudiendos
1358 1508 1445 1543 istos

94 1563 276 1616 ingenuos
290 1589 301 1603 ‚
337 1565 406 1612 qui
441 1565 593 1601 habeant
628 1567 813 1605 nutrices,
848 1563 1061 1616 intelligere
1088 1563 1254 1599 alienum
1289 1564 1335 1599 est
1357 1576 1445 1613 pro-

97 1620 205 1657 fecto.
263 1621 404 1672 Regius
436 1621 548 1656 etiam
583 1621 629 1657 de
654 1621 808 1658 servulis
839 1631 944 1675 antea
964 1621 1183 1656 memoratis
1207 1625 1225 1665 (
1236 1622 1256 1666 §
1281 1623 1344 1665 7.)
1384 1633 1443 1656 co-

97 1677 243 1730 gitavit.
300 1678 382 1715 Jam
418 1680 442 1713 fi
464 1678 588 1714 horum
604 1688 643 1714 et
663 1681 838 1714 nutricum
856 1677 1031 1713 meminit
1054 1677 1091 1712 h.
1113 1677 1138 1712 l.
1171 1677 1305 1725 quidni
1330 1677 1441 1713 etiam

97 1730 405 1783 paodagdgormm
435 1746 528 1782 quos
551 1734 726 1783 proxime
746 1733 995 1770 tractaverat?
1026 1736 1213 1769 Praeterea
1238 1733 1443 1784 sertnesslioc

98 1789 184 1826 uhu
208 1793 465 1827 Romanorum
480 1816 490 1830 ,
517 1792 623 1838 prosa
645 1791 831 1825 utentium
854 1791 1090 1838 praesertim,
1122 1801 1164 1825 ut
1184 1801 1224 1825 at
1250 1790 1445 1842 subjunga-

101 1853 165 1881 tur
191 1846 244 1882 ita
274 1845 383 1881 alteri
401 1846 586 1882 vocabulo
608 1846 648 1881 in
673 1846 870 1881 sententiae
892 1844 1038 1880 initio?
1068 1846 1198 1894 (quod
1215 1847 1444 1895 postremum

102 1912 239 1953 urgent
250 1901 390 1955 Baditis
405 1912 442 1937 et
461 1903 524 1938 vir
535 1902 669 1938 doctus
691 1902 732 1937 in
747 1901 946 1938 Miscellnn.
962 1901 1159 1938 observatt.
1173 1905 1218 1939 T.
1233 1906 1260 1938 I.
1274 1916 1309 1951 p.
1327 1917 1344 1937 1
1355 1903 1444 1953 39.)

103 1956 374 2007 Simpliciffima
406 1959 505 1994 ratio
535 1959 690 1996 videtur
723 1971 836 2006 quam
882 1959 994 1994 secuti
1029 1959 1111 1994 suut
1158 1959 1246 1994 Bad.
1294 1959 1442 2008 Gryph.

102 2012 202 2048 Gibs.
234 2011 334 2060 (fine
365 2018 546 2051 varietate
577 2029 624 2050 ex
652 2015 872 2059 Andreana)
904 2015 1083 2051 Obrecht.
1109 2015 1251 2052 Rollin.
1275 2027 1310 2051 et
1331 2015 1442 2051 multi

101 2078 304 2118 praeterea:
333 2071 437 2106 velim
455 2072 583 2108 habere
602 2074 774 2111 nutrices,
807 2083 956 2120 pueros,
997 2073 1259 2120 paedagogos.-
1291 2084 1332 2108 ac
1355 2086 1446 2108 unus

102 2135 195 2161 certe
204 2125 258 2176 fit
279 2124 446 2176 affiduus.
504 2129 564 2164 Sic
586 2141 625 2163 ea
647 2128 716 2163 tria
734 2127 934 2164 hominum
956 2141 1103 2180 genera,
1133 2128 1269 2177 quibus
1292 2129 1444 2164 futurus

102 2190 250 2222 orator,
279 2183 400 2219 infans
421 2184 564 2224 adliurc,
593 2184 760 2225 interest,
789 2185 921 2220 ordine
946 2195 1183 2233 repetentur,
1214 2196 1248 2220 et
1273 2185 1444 2236 legitima

98 2235 175 2281 >erit
207 2238 387 2275 suuctura
417 2241 689 2288 conjunctionis
716 2252 767 2276 at.
828 2241 899 2277 Sed
928 2241 1059 2276 reficiet
1084 2241 1298 2290 scrupulus,
1330 2255 1442 2290 quem

48 2319 50 2325 ,
100 2293 228 2346 tetigit
257 2295 410 2347 Regius.
469 2297 561 2346 Quis
582 2298 684 2333 enim
720 2312 810 2333 unus
827 2297 892 2333 ille
921 2295 1079 2347 affiduus
1102 2299 1171 2333 erit
1183 2298 1202 2333 ¹?
1232 2299 1330 2338 „Hic
1352 2311 1442 2346 quo-

77 2354 85 2357 ”
100 2358 222 2398 „que“
249 2351 303 2386 ait
327 2353 467 2403 Regius
499 2353 621 2393 „foret
646 2354 718 2389 hoc
745 2354 860 2389 modo
880 2355 1155 2406 paedagogus.“
1212 2354 1442 2403 Praepostera

96 2406 179 2442 fane
212 2408 332 2447 ratio,
363 2410 405 2448 fl,
434 2410 613 2457 quoniam
645 2411 854 2458 paedagogi
874 2410 969 2446 boni
993 2423 1070 2445 non
1091 2411 1325 2463 contingunt,
1356 2426 1440 2459 pae-

100 2462 284 2512 dagogum
305 2474 428 2499 tamen
450 2479 569 2500 unum
591 2466 771 2502 affiduum
797 2467 973 2518 adjungas
994 2467 1072 2503 filio
1092 2477 1170 2502 tuo.
1228 2471 1347 2516 Atqui
1370 2468 1443 2516 pla-

100 2530 146 2554 ne
170 2519 266 2555 nulli
289 2520 376 2556 boni
397 2523 598 2574 paedagogi
623 2523 864 2573 contigerunt
888 2523 968 2558 tibi.
1025 2525 1125 2561 Nam
1152 2526 1176 2560 fi
1197 2538 1270 2559 non
1295 2525 1341 2559 est
1364 2537 1445 2573 pne-

101 2573 265 2627 dagogus
295 2576 455 2627 aſjiduus
483 2578 571 2619 ille,
605 2578 699 2615 dura
731 2579 901 2628 profecto
924 2581 968 2615 fit
996 2579 1211 2617 substantivi
1233 2582 1376 2616 omissio
1399 2581 1443 2616 ad

103 2706 205 2745 linus
226 2717 261 2744 et
283 2698 498 2758 Ged'oynue.
543 2712 604 2767 .⁰f·
633 2722 669 2753 2,
689 2723 749 2755 17.
877 2713 1231 2766 velim—affiduus.
1263 2714 1344 2751 vid.
1365 2725 1445 2755 not..

110 2771 175 2811 40.
207 2778 307 2805 „non
328 2769 437 2808 artis,
469 2767 524 2804 sed
547 2768 749 2807 homiuis.⁶·
797 2769 893 2807 Crit.
