1656 2990
211 226 307 277 498
519 218 592 263 M.
630 219 761 262 FAB.
805 206 1217 277 QUINT1L1AN1
1264 220 1268 224 ·

215 358 301 391 cos
324 339 506 389 credo:
547 338 695 402 quod
728 339 990 403 apparebit
1023 338 1322 404 diligentius
1349 340 1523 406 legen}-

217 418 381 473 tibus,
457 430 588 478 quae
621 414 686 461 de
706 409 944 479 ‘utraque
973 432 1027 462 re
1065 415 1246 463 dicam.
1357 418 1526 463 Erunt

218 494 361 540 enim
395 491 548 554 plura
586 491 783 547 multo,
849 507 1005 554 quam
1034 508 1164 554 quae
1193 491 1274 539 his
1303 490 1526 538 elemen-

158 582 207 620 29
219 570 284 614 tis
320 566 852 630 cumprehenduntur.
955 566 1111 630 Apud
1140 567 1317 631 plures
1356 575 1529 613 aucto-

218 659 299 691 res
323 642 454 706 legi,
487 639 726 705 placuisse
753 641 1090 704 quibusdam,
1120 659 1292 689 unum
1310 641 1530 689 omnino

209 714 408 786 statum
439 715 551 774 effe,
596 717 988 779 conjecturalem.
1073 717 1173 766 Sed
1204 716 1396 781 quibus
1422 716 1532 780 pla-

221 794 411 849 cuerit,
486 809 657 856 neque
690 794 772 840 illi
805 792 1155 850 tradiderunt,
1225 807 1398 856 neque
1434 807 1530 855 ego

220 885 441 932 usquam
485 870 713 932 reperire
761 869 928 932 potui.
1033 869 1312 916 Rationem
1359 870 1532 914 tamen

220 943 354 992 hanc
384 943 546 991 secuti
577 943 854 1001 dicuntur,
906 943 1052 1008 quod
1075 960 1155 992 res
1179 943 1348 992 omnis
1381 941 1535 1006 [ignis

223 1020 570 1083 colligeretur.
622 1037 729 1083 quo
758 1019 918 1068 modo
942 1021 1077 1076 licet,
1116 1020 1374 1084 qualitatis
1402 1033 1536 1081 quo-

222 1112 325 1159 que
344 1094 516 1143 solum
538 1093 727 1142 statum
743 1093 954 1143 faciant:
996 1096 1119 1159 quia
1147 1095 1372 1159 ubique,
1411 1108 1538 1156 qua-

223 1171 288 1218 lis
332 1169 392 1218 fit
437 1174 690 1235 cujusque
736 1172 810 1218 rei
850 1181 1058 1227 natura,
1129 1170 1310 1235 quaeri
1355 1165 1535 1233 potest.

225 1246 326 1293 Sed.
359 1257 691 1310 utrocunque
721 1245 882 1294 modo
910 1244 1155 1310 sequetur
1185 1243 1387 1294 summa
1413 1259 1539 1291 con·

164 1320 376 1377 30fufio.
468 1322 660 1385 Neque
693 1319 931 1378 interest,
991 1338 1162 1369 unum
1194 1322 1313 1386 quis
1349 1317 1635 1367 stamn1246

225 1395 403 1455 faciat,
449 1413 515 1444 au
537 1397 774 1454 nullum,
812 1395 850 1443 fi
874 1413 1054 1445 omnes
1083 1395 1258 1445 causae
1276 1394 1398 1444 sunt
1417 1409 1541 1443 con-

309 1573 368 1594 un.
388 1572 478 1594 omn.
489 1557 580 1607 stat.
638 1557 750 1594 Goth.
780 1557 866 1601 (tac.
890 1558 1017 1607 Gesn.)
1047 1558 1189 1593 omittit
1208 1571 1299 1594 omn.
1329 1555 1424 1592 folus
1443 1554 1544 1603 quod.

225 1613 347 1650 sciam.
593 1617 714 1649 omnis.
773 1613 886 1649 Goth.
919 1623 954 1647 et
977 1616 1070 1652 Jens.
1107 1618 1201 1659 (tac.
1231 1610 1370 1664 Getn.)
1416 1623 1543 1649 omnes.

225 1669 325 1716 quod
353 1669 585 1704 neceffarium
610 1670 652 1703 ad
673 1668 851 1715 reliquam
875 1669 1075 1703 eorundem
1094 1679 1131 1704 et
1147 1669 1246 1706 Voss'.
1269 1678 1306 1702 2.
1330 1667 1544 1715 scripturam

225 1726 442 1772 colliguntur
469 1737 537 1772 pro
565 1725 809 1772 colligeretur,
857 1736 1081 1772 quanquam,
1105 1725 1225 1760 veteri
1262 1735 1366 1757 more
1403 1730 1545 1770 poterat

225 1784 336 1814 omnis
356 1780 422 1814 effe
442 1779 605 1827 pluralis.
663 1780 731 1814 Sed
756 1793 871 1815 omnes
893 1798 946 1807 —
965 1781 1180 1827 colliguntur
1209 1779 1263 1814 est'
1282 1779 1321 1812 in
1353 1777 1433 1814 edd.
1463 1786 1547 1810 ante

224 1835 327 1870 Bafil.
357 1834 530 1870 omnibus
552 1845 695 1883 praeter
715 1834 798 1869 Ald.
855 1836 971 1870 Levis
1002 1834 1229 1873 differentia,
1268 1833 1370 1882 quod
1391 1831 1476 1868 Bad.
1497 1830 1546 1864 al-

227 1900 303 1925 tera
323 1894 338 1934 (
354 1892 486 1938 1519)
511 1901 547 1924 et
570 1891 713 1926 Cel-vic.
739 1890 825 1924 dant
846 1892 1071 1938 colligantur.
1128 1890 1235 1925 Poffit
1263 1890 1402 1938 placere
1429 1898 1546 1922 omnes

223 1965 281 1974 .-
299 1947 524 1993 colliguntur,
555 1956 596 1980 ut
617 1949 685 1992 Qu.
707 1946 778 1992 ipse
800 1943 1012 1995 agnoverit,
1042 1945 1144 1993 quod
1167 1946 1383 1992 colliguntur
1409 1942 1428 1988 (
1438 1941 1483 1977 cf.
1511 1954 1541 1977 ι,

228 2011 266 2039 2,
297 2010 319 2034 2
348 2002 442 2049 quod
472 2021 526 2028 —-
552 2001 737 2048 consulant
765 2019 819 2028 -·
848 2002 942 2049 quod
971 2021 1025 2028 —
1057 2002 1234 2044 videtur.)
1278 2010 1361 2034 cum
1391 1997 1544 2046 praefer-

228 2056 297 2090 tim
316 2056 355 2089 in
373 2057 543 2104 qualitate
564 2056 636 2090 hoc
655 2055 824 2090 omuibus
853 2056 920 2090 effe
950 2067 1144 2090 commune
1163 2055 1338 2089 affirmet:
1377 2053 1459 2100 quia
1487 2062 1543 2078 -³·

226 2109 343 2158 potest
372 2115 388 2154 (
399 2124 472 2145 non
501 2110 644 2160 poſjit).
699 2111 766 2145 Sed
787 2111 934 2162 languet
956 2125 1071 2146 omnes
1091 2125 1144 2145 res
1161 2121 1246 2156 prae
1267 2108 1376 2142 omnis
1393 2119 1458 2141 res·

312 2180 380 2214 quo
398 2167 502 2202 modo
523 2167 614 2201 licet.
672 2167 730 2200 Sic
754 2167 875 2200 Gnelf.
906 2168 968 2201 etli
995 2165 1205 2200 continuata
1228 2163 1414 2209 scriptura.
1469 2158 1543 2195 Ple·
1600 2160 1602 2162 ’
1628 2173 1638 2211 ,⁹

231 2233 361 2267 raeque
391 2222 471 2255 edd.
505 2231 594 2255 vett.
627 2223 908 2269 quomodolibet,
958 2222 1035 2268 post
1062 2232 1170 2266 quam
1198 2229 1327 2252 vocem
1354 2217 1543 2263 interpun-
1612 2215 1645 2267 ξ

231 2285 335 2325 gunt,
365 2287 406 2310 ut
423 2277 496 2324 ipse
517 2276 650 2315 Goth.,
683 2286 719 2310 et
738 2277 885 2322 quidem
904 2277 1063 2310 maxima
1083 2274 1313 2317 diremtionm
1371 2270 1541 2311 Peffime;

229 2331 324 2369 Vols.
357 2342 392 2366 2.
431 2344 506 2366 non
535 2341 781 2370 memoratur,
838 2331 951 2365 ceteri
980 2343 1106 2366 omnes
1135 2329 1310 2364 videntur
1343 2325 1416 2361 hoc
1443 2325 1541 2361 vitio

227 2398 357 2420 carere.
585 2385 763 2435 sequetur.
822 2385 920 2420 Alm.
943 2396 977 2420 et
1002 2387 1125 2420 Turio.
1149 2384 1364 2432 sequeretur.

301 2439 401 2488 sunt.
457 2442 511 2474 Ita
532 2441 653 2475 Guelf.
674 2451 709 2476 et
731 2440 844 2476 Goth.
904 2441 1037 2479 Ceteri,
1066 2449 1244 2486 quantum
1265 2437 1388 2476 video,
1417 2447 1541 2470 omnes

221 2495 315 2543 sint,
354 2496 419 2529 nifi
451 2495 546 2529 forte
578 2496 782 2542 neglectum
812 2495 940 2530 hocin
963 2495 1078 2531 codd.
1111 2492 1350 2528 conferendis.
1407 2494 1544 2540 Sponte

225 2553 445 2585 (accurrerat
466 2549 713 2600 indicativus„
742 2563 825 2586 cum
846 2551 1085 2597 conjunctivo
1106 2562 1180 2584 non
1200 2551 1242 2583 fit
1261 2547 1375 2582 locus.
1434 2567 1439 2573 ·

269 2679 396 2728 fignis.
453 2679 497 2714 cf.
522 2687 559 2722 5.
589 2694 619 2716 c.
639 2693 676 2728 9.
706 2681 850 2716 sortass'e
906 2680 971 2715 illo
994 2681 1094 2719 Ioco,
1122 2679 1190 2714 ubi
1218 2692 1237 2715 a
1264 2676 1458 2727 τεκμηρίοις
1486 2675 1538 2710 di·

223 2744 340 2768 tamen
368 2734 428 2770 hic
456 2735 562 2770 latius
583 2737 713 2785 accipit
740 2750 849 2784 quam
905 2737 1036 2771 [ceruit
1065 2737 1204 2780 σημεῖα.
