1656 2990
265 242 429 288 INST.
469 241 746 288 ORATOR.
785 240 909 289 LIB4
942 241 1015 313 II,¹
1052 255 1127 300 17.
1270 251 1364 299 537

0 364 18 428 's
60 369 236 422 itium.
303 369 460 418 ,Nam
503 377 555 416 et
592 364 931 416 mendacium
969 365 1170 424 dicere,
1209 366 1368 415 etiam

0 431 26 506 ἓ
76 446 246 513 pienti
269 445 555 511 aliquando
586 440 882 494 conceffum
910 442 1008 492 est:
1056 454 1106 492 et
1136 440 1367 502 affectus,

4 521 25 573 ἕ
104 523 254 573 aliter
295 522 360 572 ad
409 523 724 588 aequitatem
773 519 998 586 perduci
1047 521 1208 583 judex
1254 516 1366 570 non

0 601 247 668 Spo‘terit,
285 597 564 649 necessario
592 597 832 648 movebit
859 608 1048 647 orator.
1127 591 1427 663 Imperitiz'g

23 678 168 726 enim
186 676 517 738 judicant,et
540 677 635 743 qui
656 674 963 741 frequenter
986 676 1045 725 in
1068 674 1171 725 hoc
1193 673 1366 741 ipsum

22 745 244 804 ⁴fallendi
274 753 426 812 sunt,
468 771 536 802 ne
571 763 758 802 errent.
838 754 1007 810 Nam,
1047 751 1086 800 fi
1119 752 1257 801 mihi
1292 751 1368 800 sa-

20 833 225 900 pientes
262 830 462 893 judjces
491 830 710 888 dentur,
747 829 1039 895 sapientum
1067 831 1367 888 conciones,

22 901 181 974 atque
216 925 374 958 omne
407 909 718 966 conciliun1;
758 908 898 955 nihil
929 905 1136 956 invidia
1171 909 1368 965 valeat,

21 985 163 1034 nihil
187 987 372 1051 gratia,
411 985 551 1034 nihil
575 986 762 1050 opinio
789 983 1108 1050 praesumta,
1147 982 1366 1050 fallique

22 1060 198 1112 testes:
238 1080 494 1128 perquam
515 1061 574 1111 fit
595 1062 818 1127 exiguus
841 1061 1176 1127 eloquentiae
1200 1063 1366 1118 locus,

20 1150 74 1188 et
99 1155 268 1204 prope
292 1135 351 1188 in
372 1137 480 1189 sola
501 1139 848 1187 delectatione
870 1149 1116 1204 ponatur.
1198 1140 1291 1187 Sin
1316 1149 1365 1186 et
1378 1156 1428 1194 29

22 1214 354 1280 audientium
385 1217 610 1266 mobiles
643 1215 831 1273 animi,
874 1226 926 1263 et
962 1225 1042 1265 tot
1078 1215 1229 1264 malis
1273 1215 1367 1264 ob·-

19 1294 178 1343 noxia
209 1292 426 1342 veritas:
468 1303 574 1341 arte
600 1291 954 1358 pugnandum
985 1291 1084 1351 est3
1142 1302 1192 1340 et
1218 1292 1369 1340 adhi-

17 1362 194 1440 :benda
216 1387 351 1436 quae
375 1367 612 1438 prosunt.
688 1371 884 1434 Neque
906 1370 1077 1428 enim,
1112 1371 1206 1434 qui
1230 1380 1368 1418 recta

19 1447 111 1496 via
133 1444 383 1514 depulsus
398 1445 486 1504 est,
509 1446 696 1496 reduci
720 1445 786 1494 ad
802 1464 932 1504 eam,
955 1445 1054 1494 nist
1080 1448 1184 1496 alio
1210 1446 1366 1504 flexu,

21 1521 202 1590 potest.
279 1523 515 1573 Plurima
543 1541 672 1573 vero
699 1540 762 1572 ex
786 1541 849 1572 eo
876 1534 1056 1573 contra
1085 1523 1367 1572 rhetoricen
1379 1538 1430 1574 50

22 1601 288 1653 cavillatio
326 1599 422 1660 est,
466 1601 616 1667 quod
650 1618 714 1649 ex
747 1612 972 1666 utraque
1006 1599 1185 1648 causae
1222 1612 1368 1666 parte

18 1675 238 1730 dicatur.
318 1678 448 1727 Inde
483 1679 636 1736 haec,
688 1678 916 1727 Nullam
952 1672 1062 1751 effe.
1081 1675 1370 1748 artemstbi

19 1757 362 1816 contrariam5
409 1756 713 1804 rhetoricen
752 1753 849 1803 effe
888 1757 1205 1804 contrariam
1240 1755 1366 1803 fibi:

23 1831 216 1880 nullam
249 1843 415 1880 artem
448 1829 715 1901 destruere
747 1834 887 1897 quod
917 1827 1183 1904 effecerit,-
1238 1834 1369 1880 acci-

20 1906 148 1957 dere
168 1908 273 1959 hoc
291 1909 580 1959 rhetorices
606 1910 781 1975 operi:
825 1909 970 1966 item,
995 1909 1128 1966 Aut,
1156 1910 1371 1957 dicenda

26 2048 33 2082 ἶ
105 2053 303 2089 concilium.
359 2050 459 2088 Alm.
479 2051 662 2103 confilium
682 2066 767 2088 cum
786 2054 880 2091 Jens.
906 2053 1000 2098 (tac.
1025 2053 1152 2101 Gesu.)
1183 2062 1220 2088 et
1241 2052 1371 2101 pleris-

22 2118 95 2156 que
129 2108 211 2144 edd.
245 2119 338 2145 vett.
398 2109 539 2145 Millics
572 2110 854 2145 confunduntur
889 2110 975 2144 haec
1010 2109 1086 2144 duo
1116 2109 1296 2144 vocabula
1328 2111 1369 2144 in

23 2165 130 2200 MSS.
189 2167 387 2217 Egregiam
410 2166 456 2201 de
476 2179 610 2201 eorum
632 2167 840 2202 diversitate
861 2166 1153 2214 disputationem
1181 2166 1291 2201 habes
1313 2169 1370 2204 10.

21 2218 84 2255 1²1·-
106 2221 295 2257 Gronovii
324 2222 369 2257 ad
397 2222 484 2258 Liv.
507 2229 582 2270 44,
610 2234 652 2262 2,
674 2232 710 2266 5.
735 2223 832 2257 unde
857 2232 1007 2271 apparet
1030 2223 1141 2256 etiam
1162 2222 1199 2256 h.
1221 2222 1245 2257 l.
1260 2249 1269 2261 ‚
1303 2222 1369 2258 ubi

19 2281 146 2320 nequo
174 2279 316 2314 senatus
344 2291 464 2326 neque
490 2279 651 2314 militare
681 2279 906 2330 intelligitur
936 2278 1148 2318 confilium,
1177 2279 1237 2314 sed
1259 2292 1370 2318 „cou-

26 2337 187 2368 nventus
216 2334 349 2379 populi
370 2336 573 2382 cujusque“
596 2335 795 2387 legendum
820 2336 908 2371 effe:
949 2336 1145 2370 concilium.

110 2388 354 2434 pugnandum.
414 2391 526 2426 Goth.
557 2398 650 2436 (tac.
673 2393 798 2435 Gesn.)
819 2391 1070 2439 purgandum,
1100 2390 1278 2432 ridicule,
1310 2394 1366 2428 sed

26 2439 135 2476 folus.
230 2471 232 2473 .
358 2445 481 2493 Neque
510 2451 612 2481 enim.
667 2449 726 2483 Sic
746 2447 870 2483 Guelf.
906 2447 1019 2481 ceteri
1047 2446 1137 2482 libri
1168 2451 1242 2484 Nec
1263 2452 1366 2484 enim.

24 2495 74 2531 cf.
94 2506 173 2533 not.
194 2499 287 2535 Crit.
309 2499 354 2535 ad
376 2510 421 2540 2,
452 2501 499 2541 6,
529 2510 592 2550 24.
817 2504 903 2538 Inde
923 2504 1019 2546 lianc.
1081 2505 1194 2539 Goth.
1214 2515 1250 2539 et
1270 2508 1364 2544 Jens.

25 2551 124 2598 (tac.
157 2554 292 2598 Geta.)
324 2557 409 2592 Inde
438 2558 502 2593 hoc
532 2571 617 2594 curn
648 2558 835 2607 plerisque
864 2569 956 2594 vett.
987 2559 1067 2605 edd.
1099 2562 1367 2608 p1·aete1·Ald.,

26 2607 133 2644 male.
193 2611 367 2646 consutio
384 2613 557 2662 frequens
579 2615 658 2653 vid.
678 2615 867 2655 Drakenb.
892 2616 938 2652 ad
966 2616 1054 2653 Liv.
1076 2625 1100 2661 5
1114 2643 1124 2657 .
1155 2626 1229 2666 34,
1266 2632 1298 2654 1.
1332 2629 1368 2654 et

24 2663 73 2700 effi
94 2675 171 2700 not.
193 2667 286 2702 Crit.
306 2667 351 2704 ad
376 2683 410 2709 1,
437 2683 497 2712 ιι,
524 2681 586 2717 ²5·

65 2791 298 2827 Διηιηιιίιιείιιηι
316 2791 552 2843 -Ῑαρίεηιιζ
585 2796 630 2831 cf.
651 2795 777 2833 locum
800 2797 876 2834 Cic.
892 2796 1045 2834 allatum
1067 2797 1110 2834 ad
1132 2809 1169 2838 2,
1198 2812 1211 2833 1
1226 2806 1258 2842 -3',
1275 2810 1337 2843 332

803 2868 869 2904 Bb
901 2880 923 2903 εἰ
