1656 2990
266 279 366 330 484
577 270 649 314 M.
684 269 815 313 FAB.
852 235 1261 329 QUINTILIANI

266 411 402 443 nem.
498 396 666 460 Quam
712 389 1014 438 sententiam
1058 391 1140 440 his
1179 390 1352 440 verbis
1387 391 1571 442 Cicero

269 468 656 532 complectitur,
693 469 758 513 In
780 484 877 529 quo
895 469 1113 529 primum
1136 462 1316 537 insistit
1338 463 1481 538 quast
1501 468 1572 515 ad
1582 476 1656 518 24⁰

267 544 654 611 repugnandum
678 537 944 613 congreffa
965 539 1206 612 defensio.
1283 541 1438 590 Unde
1461 547 1577 590 rur'-

267 618 351 667 sus
385 620 481 666 alia
515 616 769 682 quaestio,
832 634 896 663 an
935 633 1057 665 eum
1101 616 1301 682 semper
1335 618 1388 666 i's·
1410 614 1577 674 faciat,

270 696 364 758 qui
396 693 683 758 respondet.
774 693 876 741 Cui
906 694 982 740 rei
1017 694 1292 757 praecipue
1324 701 1578 757 repugnat

270 770 546 822 Cornelius
587 767 791 825 Celsus,
847 767 1047 825 dicens,
1097 785 1194 816 non
1227 785 1262 815 a
1291 763 1577 837 depuffione

257 840 413 916 sumi,
442 840 548 915 secl
563 842 626 891 ab
648 862 730 899 eo,
770 845 857 907 qui
883 839 1271 912 propositionem
1290 837 1447 913 suam
1466 858 1581 891 con-

256 918 464 989 strmec:
511 930 598 977 ut‚
641 918 678 967 fi
710 919 980 966 hominem
1004 916 1229 966 occisum
1259 934 1379 967 reus
1412 926 1580 981 negat,

271 994 424 1043 status
458 995 519 1042 ab
567 993 855 1042 accusatore
895 991 1152 1050 nascatur,
1221 994 1344 1057 quia
1379 993 1424 1041 is
1452 993 1581 1049 velit

272 1071 521 1135 probare3
560 1068 594 1116 fi
620 1075 732 1131 jure
757 1067 982 1117 occisum
1012 1086 1129 1116 reus
1158 1068 1307 1124 dicit,
1346 1067 1582 1116 translata

272 1146 594 1210 probationis
626 1143 902 1193 neceffitate
933 1144 1073 1191 idem
1103 1161 1130 1190 a
1165 1161 1254 1192 reo
1289 1141 1402 1199 fiat,
1451 1151 1501 1189 et
1525 1140 1584 1189 fit

216 1225 386 1281 14ejus
436 1221 672 1268 intentio.
769 1220 873 1268 Cui
926 1236 1038 1267 non
1085 1218 1271 1267 accedo
1308 1217 1578 1282 equidem.

272 1291 394 1344 nam
433 1294 504 1342 est
539 1312 666 1343 vero
702 1295 920 1359 propius
962 1293 1108 1358 quod
1155 1304 1331 1342 contra
1373 1292 1582 1348 dicitur,

271 1371 473 1419 nullam
501 1368 595 1416 effe
618 1371 789 1426 litem,
830 1368 864 1415 fi
889 1371 958 1425 is,
997 1386 1118 1416 cum
1147 1386 1252 1431 quo
1277 1369 1467 1432 agitur,
1502 1369 1583 1415 ni-

273 1446 352 1493 1111
371 1444 699 1509 respondeat:
740 1444 967 1506 ideoque
989 1442 1102 1490 fieri
1123 1442 1306 1490 statum
1327 1459 1355 1490 a
1374 1441 1584 1507 respon·

217 1532 266 1568 15
278 1521 445 1568 dente.
532 1523 654 1568 Mea
685 1530 857 1566 tamen
886 1517 1133 1567 sententia
1167 1519 1375 1568 varium
1404 1517 1463 1566 id
1498 1515 1585 1574 est,

359 1690 488 1726 Cicero.
543 1688 789 1724 Tennioribus
811 1687 885 1723 litt.
906 1689 1117 1736 impositum
1136 1688 1225 1723 huie
1243 1687 1388 1723 nomini
1406 1687 1446 1723 in
1465 1686 1586 1723 Guelf.

275 1748 311 1781 ἱη
342 1747 478 1792 topicis.
732 1746 766 1779 ἰη
792 1758 859 1792 quo
886 1740 1035 1791 primam
1064 1743 1127 1792 ins.
1184 1743 1300 1786 Goth„
1326 1747 1343 1788 (
1355 1753 1420 1792 tac.
1453 1743 1587 1785 Gern.)

275 1803 313 1835 in
343 1812 412 1848 quo
440 1801 553 1847 primo
583 1797 647 1846 ins.
678 1811 760 1834 cum
790 1799 888 1836 Voff.
918 1809 953 1833 2.
1010 1801 1080 1834 Pro
1110 1798 1174 1847 ins.
1203 1801 1296 1836 Jens.
1326 1798 1418 1843 (tac.
1453 1799 1584 1843 Gesn.)

277 1854 370 1903 cons.
403 1867 485 1888 cum
506 1853 587 1888 edd.
610 1863 691 1888 ante
713 1856 828 1888 Stoer.
851 1853 1042 1892 omnibus,
1073 1854 1208 1890 Codice
1227 1853 1343 1888 nullo.

359 1911 555 1956 praecipue.
616 1909 727 1944 Goth.
756 1913 839 1954 (tae.
865 1911 987 1954 Gesn.)
1015 1913 1165 1945 maxime
1188 1922 1270 1944 cum
1292 1908 1390 1946 Voff.
1411 1917 1434 1942 2
1464 1907 1587 1955 Steph-

277 1975 313 1999 et
334 1965 478 2012 Gryph.
499 1966 641 2011 (1544)
660 1964 752 2003 solis,
781 1965 880 2011 quod
906 1965 1020 1999 sciam.
1244 1965 1332 2011 fiat.
1389 1963 1448 1998 Sic
1472 1962 1586 1999 codd.

277 2029 420 2068 praeter
453 2019 550 2057 Vols.
587 2032 620 2053 1.
652 2028 674 2062 5
712 2029 826 2067 puto,
868 2031 1002 2054 omnes.
1073 2017 1135 2053 Illi
1163 2031 1246 2053 cum
1276 2018 1356 2053 edd.
1388 2027 1471 2053 ante
1499 2017 1586 2053 Bad.

278 2075 450 2109 omnibns
479 2073 639 2120 (quibus
668 2074 802 2108 accedit
831 2074 912 2110 Ald.
939 2070 1039 2119 sec.)
1060 2076 1152 2122 fiet3
1183 2073 1287 2108 male.

362 2133 494 2177 agitur.
552 2129 674 2164 Guelf.
701 2141 839 2176 agatur.
879 2142 961 2164 cum
981 2129 1077 2164 Alm.
1097 2129 1220 2164 Turic-
1242 2139 1278 2162 et
1299 2127 1378 2163 edd.
1399 2137 1480 2162 ante
1498 2127 1586 2162 Bad.
1620 2151 1626 2163 ι

281 2185 475 2223 omnibus,
504 2184 636 2231 quibus
664 2185 797 2218 accedit
818 2184 899 2219 Ald.
924 2186 987 2220 sec.
1203 2185 1297 2220 Mna
1324 2175 1412 2221 tam}
1467 2182 1588 2220 Guelf.

282 2242 325 2274 In
352 2254 415 2279 ea,
452 2239 694 2288 praepostere,
722 2249 758 2274 et
786 2239 881 2283 [olus
913 2239 1014 2287 quod
1038 2239 1156 2275 sciam.

339 2390 626 2437 (leprecationem.
682 2390 740 2426 Sic
769 2400 804 2425 et
835 2390 913 2424 seri·
1024 2391 1153 2426 Cicerm
1210 2390 1335 2438 Topic.
1357 2402 1385 2426 c.
1410 2397 1459 2434 25
1476 2389 1559 2425 init.

285 2454 370 2493 ptor
389 2446 431 2480 ad
455 2448 614 2481 Herenn.
643 2459 674 2484 1,
701 2459 760 2480 11.
793 2448 913 2484 „Con-
1015 2469 1112 2519 sumi
1150 2470 1209 2506 scil
1237 2469 1372 2519 statum

287 2501 451 2538 „stitutio
489 2501 535 2535 est
572 2503 685 2549 prima
713 2501 911 2548 deprecatio
1112 2495 1121 2509 '
1212 2496 1220 2504 ”
1375 2496 1384 2506 ’

290 2555 548 2594 „defensoriam
616 2558 698 2590 Hoc
730 2555 912 2591 vocabulo
1021 2551 1304 2600 propositionem.
1362 2552 1406 2588 cf.
1444 2553 1489 2587 de
1525 2548 1591 2589 had
1634 2578 1641 2581 -

289 2619 447 2644 utuntur
480 2612 668 2658 scriptores
705 2611 744 2645 in
783 2611 912 2657 quavis
968 2616 1046 2640 not.
1077 2607 1156 2640 crit.
1180 2606 1223 2640 ad
1246 2607 1275 2650 ᾗ.
1298 2619 1335 2654 9.
1359 2608 1591 2645 obtinendum.

288 2663 486 2702 amonendi
503 2667 656 2703 ratione.
713 2666 758 2701 cf.
783 2675 819 2705 2.
852 2675 912 2705 12,
970 2670 1062 2696 extr.
1510 2656 1514 2662 ⁴

291 2731 307 2753 ι
317 2729 354 2756 2.
443 2751 446 2755 ,
1023 2723 1168 2757 intentio
1176 2747 1187 2760 ,
1225 2719 1410 2772 aggreffio.
