<?xml version="1.0" encoding="UTF-8"?>
<!DOCTYPE html PUBLIC "-//W3C//DTD XHTML 1.0 Transitional//EN"
    "http://www.w3.org/TR/xhtml1/DTD/xhtml1-transitional.dtd">
<html xmlns="http://www.w3.org/1999/xhtml" xml:lang="en" lang="en">
 <head>
  <title>
</title>
<meta http-equiv="Content-Type" content="text/html;charset=utf-8" />
  <meta name='ocr-system' content='tesseract 3.04.00' />
  <meta name='ocr-capabilities' content='ocr_page ocr_carea ocr_par ocr_line ocrx_word'/>
</head>
<body>
  <div class='ocr_page' id='page_1' title='image "./deinstitutioneor01quinuoft_0046.png"; bbox 0 0 1656 2990; ppageno 0'>
   <div class='ocr_carea' id='block_1_1' title="bbox 287 228 1158 275">
    <p class='ocr_par' dir='ltr' id='par_1_1' title="bbox 287 228 1158 275">
     <span class='ocr_line' id='line_1_1' title="bbox 287 228 1158 275; baseline -0.001 -3"><span class='ocrx_word' id='word_1_1' title='bbox 287 242 494 275; x_wconf 80' lang='lat' dir='ltr'><strong>xxxvux</strong></span> <span class='ocrx_word' id='word_1_2' title='bbox 711 228 1158 273; x_wconf 86' lang='lat' dir='ltr'><strong>PRAEFATIO.</strong></span> 
     </span>
    </p>
   </div>
   <div class='ocr_carea' id='block_1_2' title="bbox 287 347 1653 2703">
    <p class='ocr_par' dir='ltr' id='par_1_2' title="bbox 287 347 1653 2703">
     <span class='ocr_line' id='line_1_2' title="bbox 294 347 1598 416; baseline -0.002 -18"><span class='ocrx_word' id='word_1_3' title='bbox 294 360 396 399; x_wconf 89' lang='lat' dir='ltr'><strong>tam</strong></span> <span class='ocrx_word' id='word_1_4' title='bbox 433 351 754 416; x_wconf 82' lang='lat' dir='ltr'><strong>negligenter</strong></span> <span class='ocrx_word' id='word_1_5' title='bbox 786 350 912 398; x_wconf 84' lang='lat' dir='ltr'><strong>haec</strong></span> <span class='ocrx_word' id='word_1_6' title='bbox 950 348 1100 399; x_wconf 71' lang='lat' dir='ltr'><strong>fuisse</strong></span> <span class='ocrx_word' id='word_1_7' title='bbox 1136 347 1434 414; x_wconf 86' lang='lat' dir='ltr'><strong>scripturus.</strong></span> <span class='ocrx_word' id='word_1_8' title='bbox 1509 350 1598 397; x_wconf 87' lang='lat' dir='ltr'><strong>Et-</strong></span> 
     </span>
     <span class='ocr_line' id='line_1_3' title="bbox 293 437 1596 503; baseline -0.002 -17"><span class='ocrx_word' id='word_1_9' title='bbox 293 439 396 486; x_wconf 86' lang='lat' dir='ltr'><strong>iam</strong></span> <span class='ocrx_word' id='word_1_10' title='bbox 425 440 525 487; x_wconf 86' lang='lat' dir='ltr'><strong>hoc</strong></span> <span class='ocrx_word' id='word_1_11' title='bbox 564 437 971 503; x_wconf 86' lang='lat' dir='ltr'><strong>praetermissum</strong></span> <span class='ocrx_word' id='word_1_12' title='bbox 996 438 1154 487; x_wconf 86' lang='lat' dir='ltr'><strong>video</strong></span> <span class='ocrx_word' id='word_1_13' title='bbox 1193 455 1221 484; x_wconf 89' lang='lat' dir='ltr'><strong>a</strong></span> <span class='ocrx_word' id='word_1_14' title='bbox 1256 448 1333 486; x_wconf 92' lang='lat' dir='ltr'><strong>tot</strong></span> <span class='ocrx_word' id='word_1_15' title='bbox 1350 439 1452 486; x_wconf 91' lang='lat' dir='ltr'><strong>VV.</strong></span> <span class='ocrx_word' id='word_1_16' title='bbox 1477 439 1596 485; x_wconf 86' lang='lat' dir='ltr'><strong>DD.</strong></span> 
     </span>
     <span class='ocr_line' id='line_1_4' title="bbox 292 524 1600 590; baseline -0.001 -17"><span class='ocrx_word' id='word_1_17' title='bbox 292 527 386 589; x_wconf 90' lang='lat' dir='ltr'><strong>qui</strong></span> <span class='ocrx_word' id='word_1_18' title='bbox 431 528 592 574; x_wconf 84' lang='lat' dir='ltr'><strong>vitam</strong></span> <span class='ocrx_word' id='word_1_19' title='bbox 631 525 778 574; x_wconf 83' lang='lat' dir='ltr'><strong>istam</strong></span> <span class='ocrx_word' id='word_1_20' title='bbox 815 528 1102 590; x_wconf 82' lang='lat' dir='ltr'><strong>reciperent</strong></span> <span class='ocrx_word' id='word_1_21' title='bbox 1147 527 1206 573; x_wconf 92' lang='lat' dir='ltr'><strong>in</strong></span> <span class='ocrx_word' id='word_1_22' title='bbox 1250 524 1363 574; x_wconf 85' lang='lat' dir='ltr'><strong>suas</strong></span> <span class='ocrx_word' id='word_1_23' title='bbox 1413 525 1600 573; x_wconf 84' lang='lat' dir='ltr'><strong>editio-</strong></span> 
     </span>
     <span class='ocr_line' id='line_1_5' title="bbox 292 607 1601 680; baseline 0.001 -20"><span class='ocrx_word' id='word_1_24' title='bbox 292 630 398 670; x_wconf 85' lang='lat' dir='ltr'><strong>nes,</strong></span> <span class='ocrx_word' id='word_1_25' title='bbox 438 615 585 678; x_wconf 83' lang='lat' dir='ltr'><strong>quocl</strong></span> <span class='ocrx_word' id='word_1_26' title='bbox 612 616 796 674; x_wconf 79' lang='lat' dir='ltr'><strong>Caium</strong></span> <span class='ocrx_word' id='word_1_27' title='bbox 823 615 1061 663; x_wconf 89' lang='lat' dir='ltr'><strong>Caelium</strong></span> <span class='ocrx_word' id='word_1_28' title='bbox 1078 607 1407 678; x_wconf 81' lang='lat' dir='ltr'><strong>praeceptore</strong></span> <span class='ocrx_word' id='word_1_29' title='bbox 1433 614 1601 680; x_wconf 89' lang='lat' dir='ltr'><strong>Quin-</strong></span> 
     </span>
     <span class='ocr_line' id='line_1_6' title="bbox 293 699 1603 767; baseline 0.001 -21"><span class='ocrx_word' id='word_1_30' title='bbox 293 702 472 749; x_wconf 91' lang='lat' dir='ltr'><strong>tiliano</strong></span> <span class='ocrx_word' id='word_1_31' title='bbox 497 701 651 750; x_wconf 89' lang='lat' dir='ltr'><strong>usum</strong></span> <span class='ocrx_word' id='word_1_32' title='bbox 674 714 844 750; x_wconf 84' lang='lat' dir='ltr'><strong>narrat</strong></span> <span class='ocrx_word' id='word_1_33' title='bbox 863 720 1174 767; x_wconf 73' lang='lat' dir='ltr'><strong>anonymus,</strong></span> <span class='ocrx_word' id='word_1_34' title='bbox 1250 702 1485 751; x_wconf 87' lang='lat' dir='ltr'><strong>Debebat</strong></span> <span class='ocrx_word' id='word_1_35' title='bbox 1508 699 1603 747; x_wconf 88' lang='lat' dir='ltr'><strong>sal-</strong></span> 
     </span>
     <span class='ocr_line' id='line_1_7' title="bbox 291 788 1602 840; baseline 0.002 -7"><span class='ocrx_word' id='word_1_36' title='bbox 291 797 395 834; x_wconf 88' lang='lat' dir='ltr'><strong>tem</strong></span> <span class='ocrx_word' id='word_1_37' title='bbox 437 788 617 838; x_wconf 79' lang='lat' dir='ltr'><strong>scribi:</strong></span> <span class='ocrx_word' id='word_1_38' title='bbox 689 793 744 840; x_wconf 90' lang='lat' dir='ltr'><strong>C.</strong></span> <span class='ocrx_word' id='word_1_39' title='bbox 788 792 1042 840; x_wconf 85' lang='lat' dir='ltr'><strong>Caecilius</strong></span> <span class='ocrx_word' id='word_1_40' title='bbox 1089 792 1138 839; x_wconf 84' lang='lat'><strong>11.</strong></span> <span class='ocrx_word' id='word_1_41' title='bbox 1180 807 1221 838; x_wconf 89' lang='lat' dir='ltr'><strong>e.</strong></span> <span class='ocrx_word' id='word_1_42' title='bbox 1267 790 1470 838; x_wconf 85' lang='lat' dir='ltr'><strong>Plinius</strong></span> <span class='ocrx_word' id='word_1_43' title='bbox 1502 790 1602 836; x_wconf 90' lang='lat' dir='ltr'><strong>mi-</strong></span> 
     </span>
     <span class='ocr_line' id='line_1_8' title="bbox 289 875 1603 944; baseline 0.002 -22"><span class='ocrx_word' id='word_1_44' title='bbox 289 892 402 923; x_wconf 89' lang='lat' dir='ltr'><strong>nor.</strong></span> <span class='ocrx_word' id='word_1_45' title='bbox 491 880 589 926; x_wconf 89' lang='lat' dir='ltr'><strong>Hic</strong></span> <span class='ocrx_word' id='word_1_46' title='bbox 619 881 780 943; x_wconf 83' lang='lat' dir='ltr'><strong>igitur</strong></span> <span class='ocrx_word' id='word_1_47' title='bbox 814 878 1031 944; x_wconf 81' lang='lat' dir='ltr'><strong>scriptor</strong></span> <span class='ocrx_word' id='word_1_48' title='bbox 1068 895 1396 943; x_wconf 84' lang='lat' dir='ltr'><strong>anonymus,</strong></span> <span class='ocrx_word' id='word_1_49' title='bbox 1444 875 1603 926; x_wconf 81' lang='lat' dir='ltr'><strong>Euse-</strong></span> 
     </span>
     <span class='ocr_line' id='line_1_9' title="bbox 289 963 1602 1033; baseline 0.001 -23"><span class='ocrx_word' id='word_1_50' title='bbox 289 963 432 1011; x_wconf 88' lang='lat' dir='ltr'><strong>biani</strong></span> <span class='ocrx_word' id='word_1_51' title='bbox 481 967 732 1015; x_wconf 90' lang='lat' dir='ltr'><strong>Chronici</strong></span> <span class='ocrx_word' id='word_1_52' title='bbox 780 967 938 1015; x_wconf 86' lang='lat' dir='ltr'><strong>fidem</strong></span> <span class='ocrx_word' id='word_1_53' title='bbox 979 970 1037 1015; x_wconf 88' lang='lat' dir='ltr'><strong>in</strong></span> <span class='ocrx_word' id='word_1_54' title='bbox 1074 968 1236 1032; x_wconf 87' lang='lat' dir='ltr'><strong>patria</strong></span> <span class='ocrx_word' id='word_1_55' title='bbox 1287 964 1602 1033; x_wconf 83' lang='lat' dir='ltr'><strong>Quintiliani</strong></span> 
     </span>
     <span class='ocr_line' id='line_1_10' title="bbox 290 1051 1602 1119; baseline 0.002 -23"><span class='ocrx_word' id='word_1_56' title='bbox 290 1052 554 1111; x_wconf 81' lang='lat' dir='ltr'><strong>rejiciens,</strong></span> <span class='ocrx_word' id='word_1_57' title='bbox 621 1057 886 1104; x_wconf 88' lang='lat' dir='ltr'><strong>Plinianae</strong></span> <span class='ocrx_word' id='word_1_58' title='bbox 925 1073 1052 1103; x_wconf 82' lang='lat' dir='ltr'><strong>vero</strong></span> <span class='ocrx_word' id='word_1_59' title='bbox 1099 1054 1342 1119; x_wconf 86' lang='lat' dir='ltr'><strong>epistolae</strong></span> <span class='ocrx_word' id='word_1_60' title='bbox 1389 1051 1602 1100; x_wconf 87' lang='lat' dir='ltr'><strong>credens</strong></span> 
     </span>
     <span class='ocr_line' id='line_1_11' title="bbox 291 1137 1603 1208; baseline 0.002 -24"><span class='ocrx_word' id='word_1_61' title='bbox 291 1137 450 1187; x_wconf 88' lang='lat' dir='ltr'><strong>filiam</strong></span> <span class='ocrx_word' id='word_1_62' title='bbox 491 1143 552 1189; x_wconf 86' lang='lat' dir='ltr'><strong>ab</strong></span> <span class='ocrx_word' id='word_1_63' title='bbox 591 1143 779 1192; x_wconf 85' lang='lat' dir='ltr'><strong>eodem</strong></span> <span class='ocrx_word' id='word_1_64' title='bbox 818 1143 912 1192; x_wconf 80' lang='lat' dir='ltr'><strong>effe</strong></span> <span class='ocrx_word' id='word_1_65' title='bbox 950 1143 1262 1208; x_wconf 80' lang='lat' dir='ltr'><strong>susceptam,</strong></span> <span class='ocrx_word' id='word_1_66' title='bbox 1318 1157 1451 1205; x_wconf 88' lang='lat' dir='ltr'><strong>quae</strong></span> <span class='ocrx_word' id='word_1_67' title='bbox 1486 1141 1603 1188; x_wconf 87' lang='lat' dir='ltr'><strong>No-</strong></span> 
     </span>
     <span class='ocr_line' id='line_1_12' title="bbox 289 1227 1602 1298; baseline 0 -23"><span class='ocrx_word' id='word_1_68' title='bbox 289 1227 381 1275; x_wconf 87' lang='lat' dir='ltr'><strong>nio</strong></span> <span class='ocrx_word' id='word_1_69' title='bbox 429 1228 580 1292; x_wconf 87' lang='lat' dir='ltr'><strong>(non</strong></span> <span class='ocrx_word' id='word_1_70' title='bbox 625 1234 840 1298; x_wconf 84' lang='lat' dir='ltr'><strong>Novio)</strong></span> <span class='ocrx_word' id='word_1_71' title='bbox 894 1234 1066 1282; x_wconf 86' lang='lat' dir='ltr'><strong>Celeri</strong></span> <span class='ocrx_word' id='word_1_72' title='bbox 1106 1233 1164 1279; x_wconf 90' lang='lat' dir='ltr'><strong>in</strong></span> <span class='ocrx_word' id='word_1_73' title='bbox 1206 1230 1602 1278; x_wconf 82' lang='lat' dir='ltr'><strong>matrimonium</strong></span> 
     </span>
     <span class='ocr_line' id='line_1_13' title="bbox 291 1315 1603 1386; baseline 0.002 -25"><span class='ocrx_word' id='word_1_74' title='bbox 291 1315 511 1383; x_wconf 86' lang='lat' dir='ltr'><strong>cederet,</strong></span> <span class='ocrx_word' id='word_1_75' title='bbox 558 1321 616 1368; x_wconf 90' lang='lat' dir='ltr'><strong>in</strong></span> <span class='ocrx_word' id='word_1_76' title='bbox 655 1333 893 1370; x_wconf 86' lang='lat' dir='ltr'><strong>neutram</strong></span> <span class='ocrx_word' id='word_1_77' title='bbox 931 1331 1128 1386; x_wconf 86' lang='lat' dir='ltr'><strong>partem</strong></span> <span class='ocrx_word' id='word_1_78' title='bbox 1166 1327 1496 1382; x_wconf 87' lang='lat' dir='ltr'><strong>momentum</strong></span> <span class='ocrx_word' id='word_1_79' title='bbox 1527 1315 1603 1364; x_wconf 53' lang='lat' dir='ltr'><strong>fa-</strong></span> 
     </span>
     <span class='ocr_line' id='line_1_14' title="bbox 290 1404 1603 1457; baseline 0.002 -8"><span class='ocrx_word' id='word_1_80' title='bbox 290 1404 372 1451; x_wconf 87' lang='lat' dir='ltr'><strong>cit.</strong></span> <span class='ocrx_word' id='word_1_81' title='bbox 487 1408 800 1457; x_wconf 87' lang='lat' dir='ltr'><strong>Dodwellus</strong></span> <span class='ocrx_word' id='word_1_82' title='bbox 859 1410 1001 1456; x_wconf 88' lang='lat' dir='ltr'><strong>enim</strong></span> <span class='ocrx_word' id='word_1_83' title='bbox 1057 1409 1189 1455; x_wconf 88' lang='lat' dir='ltr'><strong>mira</strong></span> <span class='ocrx_word' id='word_1_84' title='bbox 1249 1405 1477 1454; x_wconf 86' lang='lat' dir='ltr'><strong>sollertia</strong></span> <span class='ocrx_word' id='word_1_85' title='bbox 1539 1421 1603 1452; x_wconf 86' lang='lat' dir='ltr'><strong>ex</strong></span> 
     </span>
     <span class='ocr_line' id='line_1_15' title="bbox 290 1494 1600 1557; baseline 0.002 -19"><span class='ocrx_word' id='word_1_86' title='bbox 290 1501 589 1557; x_wconf 85' lang='lat' dir='ltr'><strong>temporum</strong></span> <span class='ocrx_word' id='word_1_87' title='bbox 639 1497 930 1545; x_wconf 87' lang='lat' dir='ltr'><strong>rationibus</strong></span> <span class='ocrx_word' id='word_1_88' title='bbox 983 1495 1135 1543; x_wconf 88' lang='lat' dir='ltr'><strong>efficit</strong></span> <span class='ocrx_word' id='word_1_89' title='bbox 1202 1495 1364 1553; x_wconf 87' lang='lat' dir='ltr'><strong>(Ann.</strong></span> <span class='ocrx_word' id='word_1_90' title='bbox 1427 1496 1470 1553; x_wconf 88' lang='lat'><strong>§.</strong></span> <span class='ocrx_word' id='word_1_91' title='bbox 1513 1494 1600 1556; x_wconf 87' lang='lat'><strong>9.)</strong></span> 
     </span>
     <span class='ocr_line' id='line_1_16' title="bbox 289 1580 1602 1643; baseline 0 -16"><span class='ocrx_word' id='word_1_92' title='bbox 289 1597 383 1643; x_wconf 89' lang='lat' dir='ltr'><strong>per</strong></span> <span class='ocrx_word' id='word_1_93' title='bbox 425 1594 541 1632; x_wconf 88' lang='lat' dir='ltr'><strong>octo</strong></span> <span class='ocrx_word' id='word_1_94' title='bbox 581 1601 743 1633; x_wconf 85' lang='lat' dir='ltr'><strong>annos</strong></span> <span class='ocrx_word' id='word_1_95' title='bbox 782 1603 903 1633; x_wconf 87' lang='lat' dir='ltr'><strong>cum</strong></span> <span class='ocrx_word' id='word_1_96' title='bbox 933 1585 1091 1632; x_wconf 88' lang='lat' dir='ltr'><strong>Galba</strong></span> <span class='ocrx_word' id='word_1_97' title='bbox 1122 1580 1381 1631; x_wconf 87' lang='lat' dir='ltr'><strong>versatum</strong></span> <span class='ocrx_word' id='word_1_98' title='bbox 1418 1581 1479 1628; x_wconf 88' lang='lat' dir='ltr'><strong>in</strong></span> <span class='ocrx_word' id='word_1_99' title='bbox 1507 1581 1602 1628; x_wconf 91' lang='lat' dir='ltr'><strong>Hi-</strong></span> 
     </span>
     <span class='ocr_line' id='line_1_17' title="bbox 288 1655 1604 1740; baseline 0.001 -26"><span class='ocrx_word' id='word_1_100' title='bbox 288 1667 461 1732; x_wconf 82' lang='lat' dir='ltr'><strong>spania</strong></span> <span class='ocrx_word' id='word_1_101' title='bbox 499 1655 672 1719; x_wconf 48' lang='lat' dir='ltr'><strong>videri</strong></span> <span class='ocrx_word' id='word_1_102' title='bbox 713 1674 1127 1740; x_wconf 81' lang='lat' dir='ltr'><strong>Quintilianum,</strong></span> <span class='ocrx_word' id='word_1_103' title='bbox 1181 1671 1298 1734; x_wconf 88' lang='lat' dir='ltr'><strong>-qui</strong></span> <span class='ocrx_word' id='word_1_104' title='bbox 1336 1667 1452 1716; x_wconf 86' lang='lat' dir='ltr'><strong>sane</strong></span> <span class='ocrx_word' id='word_1_105' title='bbox 1493 1669 1604 1716; x_wconf 86' lang='lat' dir='ltr'><strong>Ro-</strong></span> 
     </span>
     <span class='ocr_line' id='line_1_18' title="bbox 289 1757 1653 1822; baseline 0.001 -19"><span class='ocrx_word' id='word_1_106' title='bbox 289 1774 401 1804; x_wconf 87' lang='lat' dir='ltr'><strong>mae</strong></span> <span class='ocrx_word' id='word_1_107' title='bbox 440 1757 498 1806; x_wconf 83' lang='lat' dir='ltr'><strong>fit</strong></span> <span class='ocrx_word' id='word_1_108' title='bbox 534 1761 806 1817; x_wconf 83' lang='lat' dir='ltr'><strong>educatus,</strong></span> <span class='ocrx_word' id='word_1_109' title='bbox 859 1765 1007 1821; x_wconf 88' lang='lat' dir='ltr'><strong>cujus</strong></span> <span class='ocrx_word' id='word_1_110' title='bbox 1051 1758 1300 1822; x_wconf 87' lang='lat' dir='ltr'><strong>temporis</strong></span> <span class='ocrx_word' id='word_1_111' title='bbox 1337 1757 1485 1805; x_wconf 85' lang='lat' dir='ltr'><strong>nulla</strong></span> <span class='ocrx_word' id='word_1_112' title='bbox 1522 1771 1603 1803; x_wconf 86' lang='lat' dir='ltr'><strong>re·</strong></span> <span class='ocrx_word' id='word_1_113' title='bbox 1648 1802 1653 1804; x_wconf 17' lang='lat' dir='ltr'><strong>c</strong></span> 
     </span>
     <span class='ocr_line' id='line_1_19' title="bbox 289 1843 1603 1913; baseline -0.002 -21"><span class='ocrx_word' id='word_1_114' title='bbox 289 1863 411 1894; x_wconf 87' lang='lat' dir='ltr'><strong>rum</strong></span> <span class='ocrx_word' id='word_1_115' title='bbox 449 1851 647 1896; x_wconf 87' lang='lat' dir='ltr'><strong>Romae</strong></span> <span class='ocrx_word' id='word_1_116' title='bbox 687 1848 942 1913; x_wconf 86' lang='lat' dir='ltr'><strong>gestarum</strong></span> <span class='ocrx_word' id='word_1_117' title='bbox 983 1858 1105 1896; x_wconf 88' lang='lat' dir='ltr'><strong>nota</strong></span> <span class='ocrx_word' id='word_1_118' title='bbox 1142 1848 1199 1893; x_wconf 90' lang='lat' dir='ltr'><strong>in</strong></span> <span class='ocrx_word' id='word_1_119' title='bbox 1233 1844 1432 1908; x_wconf 65' lang='lat' dir='ltr'><strong>scriptis</strong></span> <span class='ocrx_word' id='word_1_120' title='bbox 1457 1843 1603 1891; x_wconf 86' lang='lat' dir='ltr'><strong>Fabii</strong></span> 
     </span>
     <span class='ocr_line' id='line_1_20' title="bbox 290 1933 1601 1998; baseline -0.001 -19"><span class='ocrx_word' id='word_1_121' title='bbox 290 1947 592 1998; x_wconf 84' lang='lat' dir='ltr'><strong>compareat.</strong></span> <span class='ocrx_word' id='word_1_122' title='bbox 671 1940 745 1983; x_wconf 88' lang='lat' dir='ltr'><strong>Ita</strong></span> <span class='ocrx_word' id='word_1_123' title='bbox 785 1936 1051 1983; x_wconf 86' lang='lat' dir='ltr'><strong>Chronico</strong></span> <span class='ocrx_word' id='word_1_124' title='bbox 1087 1934 1174 1996; x_wconf 87' lang='lat' dir='ltr'><strong>(ad</strong></span> <span class='ocrx_word' id='word_1_125' title='bbox 1203 1933 1412 1997; x_wconf 88' lang='lat' dir='ltr'><strong>Olymp.</strong></span> <span class='ocrx_word' id='word_1_126' title='bbox 1454 1934 1601 1995; x_wconf 70' lang='lat'>211.)</span> 
     </span>
     <span class='ocr_line' id='line_1_21' title="bbox 292 2019 1602 2090; baseline -0.001 -24"><span class='ocrx_word' id='word_1_127' title='bbox 292 2019 418 2069; x_wconf 83' lang='lat' dir='ltr'><strong>fides</strong></span> <span class='ocrx_word' id='word_1_128' title='bbox 452 2023 701 2071; x_wconf 86' lang='lat' dir='ltr'><strong>constabit</strong></span> <span class='ocrx_word' id='word_1_129' title='bbox 739 2024 983 2087; x_wconf 83' lang='lat' dir='ltr'><strong>prodenti</strong></span> <span class='ocrx_word' id='word_1_130' title='bbox 1011 2022 1397 2090; x_wconf 82' lang='lat' dir='ltr'><strong>Quintilianum</strong></span> <span class='ocrx_word' id='word_1_131' title='bbox 1429 2036 1456 2066; x_wconf 90' lang='lat' dir='ltr'><strong>a</strong></span> <span class='ocrx_word' id='word_1_132' title='bbox 1485 2019 1602 2066; x_wconf 91' lang='lat' dir='ltr'><strong>Gal-</strong></span> 
     </span>
     <span class='ocr_line' id='line_1_22' title="bbox 290 2109 1600 2180; baseline -0.002 -25"><span class='ocrx_word' id='word_1_133' title='bbox 290 2109 354 2156; x_wconf 89' lang='lat' dir='ltr'><strong>ba</strong></span> <span class='ocrx_word' id='word_1_134' title='bbox 404 2113 626 2158; x_wconf 81' lang='lat' dir='ltr'><strong>Romam</strong></span> <span class='ocrx_word' id='word_1_135' title='bbox 674 2109 770 2159; x_wconf 83' lang='lat' dir='ltr'><strong>effe</strong></span> <span class='ocrx_word' id='word_1_136' title='bbox 823 2111 1134 2167; x_wconf 88' lang='lat' dir='ltr'><strong>adductum,</strong></span> <span class='ocrx_word' id='word_1_137' title='bbox 1208 2109 1426 2180; x_wconf 77' lang='lat' dir='ltr'><strong>patriam</strong></span> <span class='ocrx_word' id='word_1_138' title='bbox 1471 2122 1600 2154; x_wconf 88' lang='lat' dir='ltr'><strong>vero</strong></span> 
     </span>
     <span class='ocr_line' id='line_1_23' title="bbox 291 2194 1601 2263; baseline -0.004 -17"><span class='ocrx_word' id='word_1_139' title='bbox 291 2203 400 2258; x_wconf 88' lang='lat' dir='ltr'><strong>ejus</strong></span> <span class='ocrx_word' id='word_1_140' title='bbox 428 2199 725 2263; x_wconf 88' lang='lat' dir='ltr'><strong>Hispaniam</strong></span> <span class='ocrx_word' id='word_1_141' title='bbox 760 2199 1028 2263; x_wconf 81' lang='lat' dir='ltr'><strong>credemus</strong></span> <span class='ocrx_word' id='word_1_142' title='bbox 1056 2199 1183 2245; x_wconf 88' lang='lat' dir='ltr'><strong>huic</strong></span> <span class='ocrx_word' id='word_1_143' title='bbox 1211 2195 1306 2260; x_wconf 79' lang='lat' dir='ltr'><strong>ipsi</strong></span> <span class='ocrx_word' id='word_1_144' title='bbox 1335 2194 1601 2255; x_wconf 87' lang='lat' dir='ltr'><strong>Chronico</strong></span> 
     </span>
     <span class='ocr_line' id='line_1_24' title="bbox 289 2273 1603 2349; baseline -0.004 -15"><span class='ocrx_word' id='word_1_145' title='bbox 289 2289 311 2349; x_wconf 94' lang='lat'>(</span> <span class='ocrx_word' id='word_1_146' title='bbox 327 2287 391 2334; x_wconf 86' lang='lat' dir='ltr'><strong>ad</strong></span> <span class='ocrx_word' id='word_1_147' title='bbox 416 2304 614 2335; x_wconf 84' lang='lat' dir='ltr'><strong>annum</strong></span> <span class='ocrx_word' id='word_1_148' title='bbox 645 2288 936 2336; x_wconf 85' lang='lat' dir='ltr'><strong>Domitiani</strong></span> <span class='ocrx_word' id='word_1_149' title='bbox 969 2299 1018 2343; x_wconf 80' lang='grc'><strong>8,</strong></span> <span class='ocrx_word' id='word_1_150' title='bbox 1057 2287 1135 2333; x_wconf 91' lang='lat' dir='ltr'><strong>Ol.</strong></span> <span class='ocrx_word' id='word_1_151' title='bbox 1163 2285 1320 2346; x_wconf 81' lang='lat'>216.)</span> <span class='ocrx_word' id='word_1_152' title='bbox 1361 2273 1603 2330; x_wconf 79' lang='lat' dir='ltr'><strong>et&#39;Auso-</strong></span> 
     </span>
     <span class='ocr_line' id='line_1_25' title="bbox 287 2370 1601 2442; baseline -0.006 -19"><span class='ocrx_word' id='word_1_153' title='bbox 287 2376 381 2423; x_wconf 89' lang='lat' dir='ltr'><strong>nio</strong></span> <span class='ocrx_word' id='word_1_154' title='bbox 419 2376 513 2442; x_wconf 87' lang='lat' dir='ltr'><strong>(in</strong></span> <span class='ocrx_word' id='word_1_155' title='bbox 537 2373 738 2438; x_wconf 74' lang='lat' dir='ltr'><strong>profess.</strong></span> <span class='ocrx_word' id='word_1_156' title='bbox 762 2374 1030 2438; x_wconf 78' lang='lat' dir='ltr'><strong>Burdegal.</strong></span> <span class='ocrx_word' id='word_1_157' title='bbox 1061 2391 1105 2429; x_wconf 83' lang='lat'><strong>1,</strong></span> <span class='ocrx_word' id='word_1_158' title='bbox 1142 2375 1222 2435; x_wconf 89' lang='lat'><strong>7.)</strong></span> <span class='ocrx_word' id='word_1_159' title='bbox 1253 2380 1312 2418; x_wconf 72' lang='lat' dir='ltr'><strong>‘et</strong></span> <span class='ocrx_word' id='word_1_160' title='bbox 1338 2370 1601 2433; x_wconf 87' lang='lat' dir='ltr'><strong>Hierony-</strong></span> 
     </span>
     <span class='ocr_line' id='line_1_26' title="bbox 291 2459 1600 2526; baseline -0.005 -17"><span class='ocrx_word' id='word_1_161' title='bbox 291 2480 379 2510; x_wconf 86' lang='lat' dir='ltr'><strong>mo</strong></span> <span class='ocrx_word' id='word_1_162' title='bbox 411 2463 769 2525; x_wconf 72' lang='lat' dir='ltr'><strong>vigilantium,</strong></span> <span class='ocrx_word' id='word_1_163' title='bbox 808 2478 966 2526; x_wconf 88' lang='lat' dir='ltr'><strong>quem</strong></span> <span class='ocrx_word' id='word_1_164' title='bbox 1000 2459 1288 2515; x_wconf 86' lang='lat' dir='ltr'><strong>insectatur,</strong></span> <span class='ocrx_word' id='word_1_165' title='bbox 1328 2473 1600 2519; x_wconf 75' lang='lat' dir='ltr'><strong>cauponem</strong></span> 
     </span>
     <span class='ocr_line' id='line_1_27' title="bbox 295 2544 1601 2618; baseline -0.006 -20"><span class='ocrx_word' id='word_1_166' title='bbox 295 2550 775 2618; x_wconf 65' lang='lat' dir='ltr'><strong>Calagurritamcm,</strong></span> <span class='ocrx_word' id='word_1_167' title='bbox 827 2551 1061 2613; x_wconf 88' lang='lat' dir='ltr'><strong>itemque</strong></span> <span class='ocrx_word' id='word_1_168' title='bbox 1103 2559 1292 2595; x_wconf 72' lang='lat' dir='ltr'><strong>mutum</strong></span> <span class='ocrx_word' id='word_1_169' title='bbox 1331 2544 1601 2618; x_wconf 66' lang='lat' dir='ltr'><strong>Quintilia-</strong></span> 
     </span>
     <span class='ocr_line' id='line_1_28' title="bbox 290 2636 1602 2703; baseline -0.004 -19"><span class='ocrx_word' id='word_1_170' title='bbox 290 2655 406 2686; x_wconf 84' lang='lat' dir='ltr'><strong>num</strong></span> <span class='ocrx_word' id='word_1_171' title='bbox 449 2638 740 2703; x_wconf 81' lang='lat' dir='ltr'><strong>appellanti.</strong></span> <span class='ocrx_word' id='word_1_172' title='bbox 826 2636 1007 2687; x_wconf 88' lang='lat' dir='ltr'><strong>Nostri</strong></span> <span class='ocrx_word' id='word_1_173' title='bbox 1047 2650 1341 2701; x_wconf 79' lang='lat' dir='ltr'><strong>cognomen</strong></span> <span class='ocrx_word' id='word_1_174' title='bbox 1378 2643 1602 2699; x_wconf 86' lang='lat' dir='ltr'><strong>praeter-</strong></span> 
     </span>
    </p>
   </div>
  </div>
 </body>
</html>
