1656 2990
273 201 420 232 xxxx:
706 188 1151 235 PRAEFATIO.

275 313 507 377 repetitis
541 313 678 360 curis
708 310 964 375 perpendi
1000 314 1226 360 rationes
1265 309 1587 377 Dodwellia-

274 416 366 449 nas
415 401 641 465 (quibus
686 400 817 448 adde
868 417 998 464 quae
1048 399 1274 465 disputat
1322 399 1587 472 Salmasius

245 492 450 541 ‘Exere
483 490 613 536 Plin.
653 505 700 552 p.
735 492 894 552 520.)
932 488 1228 553 praesertim
1265 489 1324 537 in
1362 490 1481 539 loco
1522 489 1590 538 de

275 587 435 624 aetate
474 578 760 632 Iuvenalis,
813 587 1021 640 apparet
1058 577 1217 637 hujus
1255 582 1437 642 poetae
1471 577 1591 627 sati-

271 681 384 714 ram
432 663 699 728 septimam
752 664 837 710 vix
882 661 1101 727 potuiffe
1149 663 1302 729 scribi
1349 665 1446 714 nifi
1491 665 1588 714 sub

272 752 553 802 Hadriano.
648 754 786 799 Haec
824 752 985 815 igitur
1012 750 1161 799 satira
1197 769 1320 801 cum
1358 752 1591 813 ostendat

275 841 666 907 Quintilianum
703 837 1003 887 affluentem
1042 840 1231 904 opibus
1269 850 1320 887 et
1355 841 1590 890 consula-

272 945 412 984 rem,
453 944 684 991 eumque
720 927 860 975 inter
898 929 1051 976 vivos
1085 927 1255 976 adhuc
1288 912 1591 988 versantem,

272 1014 423 1063 facile
445 1015 589 1079 poffis
611 1015 802 1063 adduci
825 1026 886 1063 ut
910 1014 1071 1063 feram
1095 1016 1268 1065 credas
1291 1016 1439 1066 istam
1460 1035 1592 1082 opu·

273 1104 505 1160 lentiam,
535 1120 667 1167 quae
694 1103 804 1151 seni
823 1108 1031 1167 jamque
1058 1106 1320 1155 morituro
1343 1103 1609 1170 supervee‘

271 1193 435 1249 uerit,
475 1190 570 1239 nili
601 1191 736 1239 forte
761 1192 860 1239 hoc
885 1190 997 1256 ipso
1026 1194 1107 1241 uti
1131 1193 1348 1242 debebat
1368 1197 1588 1246 Juvena-

269 1280 360 1335 lis,
422 1278 458 1326 fi
498 1297 573 1328 res
610 1282 677 1328 ita
713 1279 763 1327 se
797 1280 1038 1339 haberet,
1097 1280 1162 1329 ad
1197 1282 1588 1333 extenuandum

269 1369 493 1432 exempli
522 1368 678 1426 huius
703 1380 1045 1417 momentum.
1109 1371 1398 1429 Coniuncta
1413 1350 1588 1419 autem

271 1455 344 1503 est
365 1457 489 1503 haec
521 1456 585 1503 de
616 1458 716 1503 vita
737 1458 1073 1523 Quintiliani,
1122 1457 1188 1505 ad.
1215 1457 1463 1506 Hadriani
1488 1459 1591 1506 im·

270 1546 480 1610 perium
510 1556 808 1608 propagata,
869 1543 1148 1609 disputatio
1187 1562 1305 1593 cum
1335 1547 1491 1593 altera
1520 1545 1587 1593 de

271 1631 648 1682 Consularibus
679 1634 1024 1690 ornamentis,
1064 1649 1195 1698 quae
1222 1649 1316 1697 per
1347 1634 1587 1682 Clemen-

268 1730 376 1767 tem
405 1719 617 1769 sortitus
644 1719 738 1767 effe
771 1731 1011 1768 narratur
1035 1722 1096 1768 ab
1121 1719 1354 1770 Ausonio
1385 1721 1444 1769 in
1474 1738 1586 1786 gra-

267 1809 463 1855 tiarum
520 1810 724 1856 actione
766 1807 830 1856 ad
876 1810 1177 1857 Gratianum
1217 1825 1265 1873 p.
1303 1823 1424 1867 290.
1471 1810 1582 1874 Bip.

267 1896 551 1945 Clementis
582 1895 718 1945 filios
755 1895 850 1943 effe
881 1913 992 1952 eos,
1026 1913 1257 1959 quorum
1288 1894 1383 1944 fibi
1412 1913 1440 1944 a
1473 1899 1585 1946 Do-

263 1986 483 2032 mitiano
520 2001 697 2031 curam
730 1983 1013 2047 delegatam
1036 1982 1340 2048 narrat-ipse
1375 1985 1584 2053 Quinti·
1641 2023 1651 2030 „

262 2072 434 2121 lianus
462 2081 513 2133 4,
553 2075 787 2121 Prooem.
814 2087 862 2128 2,
900 2088 1075 2129 nemo,
1113 2073 1319 2135 opinor,
1356 2073 1579 2137 negabit,

265 2162 361 2224 qui
385 2160 665 2208 contulerit
681 2161 990 2207 Suetonium
1009 2162 1066 2208 in
1086 2162 1393 2208 Domitiano
1420 2162 1475 2210 C.
1495 2177 1516 2207 1
1529 2173 1576 2218 5.

263 2250 339 2298 Ita
357 2249 625 2311 probabile
650 2245 707 2294 fit
725 2247 867 2294 hunc
887 2247 1056 2312 ipsum
1080 2248 1400 2296 Clementem
1421 2247 1577 2296 hosce

266 2320 594 2402 Quintiliano
636 2336 862 2383 honores
908 2333 1193 2399 impetrasse
1203 2352 1217 2393 ς
1286 2352 1461 2400 neque
1503 2347 1576 2384 ta-

263 2438 388 2470 men
421 2423 638 2486 praemii
670 2423 787 2471 loco
828 2439 923 2487 pro
961 2422 1289 2471 institutione
1325 2422 1574 2482 filiorum,

265 2511 517 2574 quoniam
552 2511 617 2566 ii,
675 2522 735 2558 ut
776 2521 911 2558 recte
951 2521 1131 2559 monet
1171 2511 1426 2560 Nicolaus
1467 2514 1574 2560 An-

262 2599 440 2646 tonius
476 2598 536 2646 in
567 2598 887 2648 Bibliotheca
921 2597 1144 2664 Hispana
1175 2607 1349 2647 vetere
1393 2616 1442 2665 p.
1483 2604 1571 2657 56,
