<?xml version="1.0" encoding="UTF-8"?>
<!DOCTYPE html PUBLIC "-//W3C//DTD XHTML 1.0 Transitional//EN"
    "http://www.w3.org/TR/xhtml1/DTD/xhtml1-transitional.dtd">
<html xmlns="http://www.w3.org/1999/xhtml" xml:lang="en" lang="en">
 <head>
  <title>
</title>
<meta http-equiv="Content-Type" content="text/html;charset=utf-8" />
  <meta name='ocr-system' content='tesseract 3.04.00' />
  <meta name='ocr-capabilities' content='ocr_page ocr_carea ocr_par ocr_line ocrx_word'/>
</head>
<body>
  <div class='ocr_page' id='page_1' title='image "./deinstitutioneor01quinuoft_0576.png"; bbox 0 0 1656 2990; ppageno 0'>
   <div class='ocr_carea' id='block_1_1' title="bbox 241 214 1312 297">
    <p class='ocr_par' dir='ltr' id='par_1_1' title="bbox 241 214 1312 297">
     <span class='ocr_line' id='line_1_1' title="bbox 241 214 1312 297; baseline -0.001 -15"><span class='ocrx_word' id='word_1_1' title='bbox 241 247 341 297; x_wconf 71' lang='lat'>482</span> <span class='ocrx_word' id='word_1_2' title='bbox 526 234 634 281; x_wconf 75' lang='grc' dir='ltr'>.,Μ.</span> <span class='ocrx_word' id='word_1_3' title='bbox 670 237 802 282; x_wconf 81' lang='lat' dir='ltr'>FAB.</span> <span class='ocrx_word' id='word_1_4' title='bbox 841 214 1250 296; x_wconf 65' lang='lat' dir='ltr'><strong>QUINTILIANI</strong></span> <span class='ocrx_word' id='word_1_5' title='bbox 1309 279 1312 281; x_wconf 82' lang='grc'><em>,</em></span> 
     </span>
    </p>
   </div>
   <div class='ocr_carea' id='block_1_2' title="bbox 196 357 1588 951">
    <p class='ocr_par' dir='ltr' id='par_1_2' title="bbox 196 357 1588 951">
     <span class='ocr_line' id='line_1_2' title="bbox 237 357 1588 428; baseline 0.001 -20"><span class='ocrx_word' id='word_1_6' title='bbox 237 357 475 428; x_wconf 82' lang='lat' dir='ltr'>stionum.</span> <span class='ocrx_word' id='word_1_7' title='bbox 553 359 692 406; x_wconf 81' lang='lat' dir='ltr'>Nam</span> <span class='ocrx_word' id='word_1_8' title='bbox 729 369 780 405; x_wconf 90' lang='lat' dir='ltr'>et</span> <span class='ocrx_word' id='word_1_9' title='bbox 815 374 912 422; x_wconf 86' lang='lat' dir='ltr'>pro</span> <span class='ocrx_word' id='word_1_10' title='bbox 954 358 1170 407; x_wconf 81' lang='lat' dir='ltr'>Rabirio</span> <span class='ocrx_word' id='word_1_11' title='bbox 1189 357 1446 410; x_wconf 7' lang='lat' dir='ltr'>&#39;Postumo</span> <span class='ocrx_word' id='word_1_12' title='bbox 1471 359 1559 412; x_wconf 86' lang='lat' dir='ltr'>Ci-</span> <span class='ocrx_word' id='word_1_13' title='bbox 1586 362 1588 366; x_wconf 86' lang='grc'><strong>’</strong></span> 
     </span>
     <span class='ocr_line' id='line_1_3' title="bbox 248 434 1560 498; baseline 0.001 -15"><span class='ocrx_word' id='word_1_14' title='bbox 248 453 365 483; x_wconf 88' lang='lat' dir='ltr'>cero</span> <span class='ocrx_word' id='word_1_15' title='bbox 406 435 574 498; x_wconf 80' lang='lat' dir='ltr'>prima</span> <span class='ocrx_word' id='word_1_16' title='bbox 611 443 753 498; x_wconf 86' lang='lat' dir='ltr'>parte</span> <span class='ocrx_word' id='word_1_17' title='bbox 801 435 1047 482; x_wconf 85' lang='lat' dir='ltr'>orationis</span> <span class='ocrx_word' id='word_1_18' title='bbox 1086 434 1145 482; x_wconf 90' lang='lat' dir='ltr'>in</span> <span class='ocrx_word' id='word_1_19' title='bbox 1180 434 1282 483; x_wconf 88' lang='lat' dir='ltr'>hoc</span> <span class='ocrx_word' id='word_1_20' title='bbox 1319 436 1560 493; x_wconf 78' lang='lat' dir='ltr'>intendit,</span> 
     </span>
     <span class='ocr_line' id='line_1_4' title="bbox 246 511 1569 576; baseline -0.002 -16"><span class='ocrx_word' id='word_1_21' title='bbox 246 521 309 560; x_wconf 89' lang='lat' dir='ltr'>ut</span> <span class='ocrx_word' id='word_1_22' title='bbox 349 511 604 558; x_wconf 84' lang='lat' dir='ltr'>actionem</span> <span class='ocrx_word' id='word_1_23' title='bbox 654 519 947 572; x_wconf 81' lang='lat' dir='ltr'>competere</span> <span class='ocrx_word' id='word_1_24' title='bbox 993 511 1051 556; x_wconf 86' lang='lat' dir='ltr'>in</span> <span class='ocrx_word' id='word_1_25' title='bbox 1101 511 1332 572; x_wconf 87' lang='lat' dir='ltr'>equitem</span> <span class='ocrx_word' id='word_1_26' title='bbox 1371 513 1569 576; x_wconf 51' lang='lat' dir='ltr'>Roma-¹</span> 
     </span>
     <span class='ocr_line' id='line_1_5' title="bbox 248 582 1563 649; baseline -0.001 -16"><span class='ocrx_word' id='word_1_27' title='bbox 248 602 380 634; x_wconf 88' lang='lat' dir='ltr'>num</span> <span class='ocrx_word' id='word_1_28' title='bbox 418 594 594 648; x_wconf 84' lang='lat' dir='ltr'>neget:</span> <span class='ocrx_word' id='word_1_29' title='bbox 665 582 916 641; x_wconf 74' lang='lat' dir='ltr'>secunda,</span> <span class='ocrx_word' id='word_1_30' title='bbox 967 585 1168 632; x_wconf 83' lang='lat' dir='ltr'>nullam</span> <span class='ocrx_word' id='word_1_31' title='bbox 1205 584 1270 632; x_wconf 84' lang='lat' dir='ltr'>ad</span> <span class='ocrx_word' id='word_1_32' title='bbox 1309 600 1438 634; x_wconf 84' lang='lat' dir='ltr'>eum</span> <span class='ocrx_word' id='word_1_33' title='bbox 1472 601 1563 649; x_wconf 83' lang='lat' dir='ltr'>pe-</span> 
     </span>
     <span class='ocr_line' id='line_1_6' title="bbox 250 657 1562 724; baseline 0 -16"><span class='ocrx_word' id='word_1_34' title='bbox 250 657 769 724; x_wconf 45' lang='lat' dir='ltr'>cuniam&#39;pervenissfe</span> <span class='ocrx_word' id='word_1_35' title='bbox 801 658 1084 708; x_wconf 85' lang='lat' dir='ltr'>confirmat.</span> <span class='ocrx_word' id='word_1_36' title='bbox 1162 662 1361 708; x_wconf 84' lang='lat' dir='ltr'>Statum</span> <span class='ocrx_word' id='word_1_37' title='bbox 1391 670 1562 708; x_wconf 86' lang='lat' dir='ltr'>tamen</span> 
     </span>
     <span class='ocr_line' id='line_1_7' title="bbox 196 732 1563 799; baseline -0.001 -16"><span class='ocrx_word' id='word_1_38' title='bbox 196 737 310 784; x_wconf 72' lang='lat' dir='ltr'>min</span> <span class='ocrx_word' id='word_1_39' title='bbox 333 752 396 783; x_wconf 86' lang='lat' dir='ltr'>eo</span> <span class='ocrx_word' id='word_1_40' title='bbox 419 735 588 782; x_wconf 81' lang='lat' dir='ltr'>dicam</span> <span class='ocrx_word' id='word_1_41' title='bbox 605 732 780 791; x_wconf 80' lang='lat' dir='ltr'>fuisse,</span> <span class='ocrx_word' id='word_1_42' title='bbox 818 735 964 798; x_wconf 84' lang='lat' dir='ltr'>quod</span> <span class='ocrx_word' id='word_1_43' title='bbox 993 734 1063 785; x_wconf 86' lang='lat' dir='ltr'>est</span> <span class='ocrx_word' id='word_1_44' title='bbox 1093 736 1371 799; x_wconf 87' lang='lat' dir='ltr'>potentius.</span> <span class='ocrx_word' id='word_1_45' title='bbox 1446 736 1563 782; x_wconf 87' lang='lat' dir='ltr'>Nec</span> 
     </span>
     <span class='ocr_line' id='line_1_8' title="bbox 247 808 1564 874; baseline -0.002 -16"><span class='ocrx_word' id='word_1_46' title='bbox 247 812 307 858; x_wconf 86' lang='lat' dir='ltr'>in</span> <span class='ocrx_word' id='word_1_47' title='bbox 351 808 497 857; x_wconf 79' lang='lat' dir='ltr'>causa</span> <span class='ocrx_word' id='word_1_48' title='bbox 543 810 763 857; x_wconf 83' lang='lat' dir='ltr'>Milonis</span> <span class='ocrx_word' id='word_1_49' title='bbox 813 812 943 857; x_wconf 83' lang='lat' dir='ltr'>circa</span> <span class='ocrx_word' id='word_1_50' title='bbox 991 811 1181 874; x_wconf 82' lang='lat' dir='ltr'>primas</span> <span class='ocrx_word' id='word_1_51' title='bbox 1225 808 1564 874; x_wconf 84' lang='lat' dir='ltr'>quaestiones,</span> 
     </span>
     <span class='ocr_line' id='line_1_9' title="bbox 250 883 1563 951; baseline -0.002 -17"><span class='ocrx_word' id='word_1_52' title='bbox 250 902 383 951; x_wconf 83' lang='lat' dir='ltr'>quae</span> <span class='ocrx_word' id='word_1_53' title='bbox 414 883 534 935; x_wconf 80' lang='lat' dir='ltr'>sunt</span> <span class='ocrx_word' id='word_1_54' title='bbox 566 894 681 933; x_wconf 82' lang='lat' dir='ltr'>ante</span> <span class='ocrx_word' id='word_1_55' title='bbox 713 886 1046 950; x_wconf 80' lang='lat' dir='ltr'>prooemium</span> <span class='ocrx_word' id='word_1_56' title='bbox 1071 884 1284 950; x_wconf 75' lang='lat' dir='ltr'>positae,</span> <span class='ocrx_word' id='word_1_57' title='bbox 1322 883 1563 946; x_wconf 73' lang='lat' dir='ltr'>judicabo</span> 
     </span>
    </p>
   </div>
   <div class='ocr_carea' id='block_1_3' title="bbox 250 1055 1566 2203">
    <p class='ocr_par' dir='ltr' id='par_1_3' title="bbox 250 1055 1566 2147">
     <span class='ocr_line' id='line_1_10' title="bbox 333 1055 1565 1105; baseline -0.001 -14"><span class='ocrx_word' id='word_1_58' title='bbox 333 1057 446 1104; x_wconf 82' lang='lat' dir='ltr'>prima</span> <span class='ocrx_word' id='word_1_59' title='bbox 465 1067 578 1103; x_wconf 80' lang='lat' dir='ltr'>parte.</span> <span class='ocrx_word' id='word_1_60' title='bbox 637 1055 758 1092; x_wconf 85' lang='lat' dir='ltr'>Guelf.</span> <span class='ocrx_word' id='word_1_61' title='bbox 787 1059 935 1103; x_wconf 85' lang='lat' dir='ltr'><strong><em>primam</em></strong></span> <span class='ocrx_word' id='word_1_62' title='bbox 960 1067 1119 1105; x_wconf 81' lang='lat' dir='ltr'>partem,</span> <span class='ocrx_word' id='word_1_63' title='bbox 1148 1068 1231 1091; x_wconf 84' lang='lat' dir='ltr'>cum</span> <span class='ocrx_word' id='word_1_64' title='bbox 1251 1055 1327 1092; x_wconf 83' lang='lat' dir='ltr'>Bal.</span> <span class='ocrx_word' id='word_1_65' title='bbox 1347 1056 1445 1094; x_wconf 80' lang='lat' dir='ltr'>Voss&#39;.</span> <span class='ocrx_word' id='word_1_66' title='bbox 1473 1069 1505 1090; x_wconf 87' lang='lat'>1.</span> <span class='ocrx_word' id='word_1_67' title='bbox 1527 1064 1565 1099; x_wconf 77' lang='lat'>3.</span> 
     </span>
     <span class='ocr_line' id='line_1_11' title="bbox 250 1111 1565 1158; baseline -0.002 -11"><span class='ocrx_word' id='word_1_68' title='bbox 250 1112 360 1147; x_wconf 86' lang='lat' dir='ltr'>Bern.</span> <span class='ocrx_word' id='word_1_69' title='bbox 384 1123 467 1145; x_wconf 81' lang='lat' dir='ltr'>cum</span> <span class='ocrx_word' id='word_1_70' title='bbox 488 1112 567 1146; x_wconf 82' lang='lat' dir='ltr'>edd.</span> <span class='ocrx_word' id='word_1_71' title='bbox 587 1122 669 1146; x_wconf 83' lang='lat' dir='ltr'>autc</span> <span class='ocrx_word' id='word_1_72' title='bbox 690 1112 776 1147; x_wconf 79' lang='lat' dir='ltr'>Bad.</span> <span class='ocrx_word' id='word_1_73' title='bbox 805 1112 823 1156; x_wconf 85' lang='lat'><strong>(</strong></span> <span class='ocrx_word' id='word_1_74' title='bbox 834 1113 899 1158; x_wconf 86' lang='lat' dir='ltr'>qui</span> <span class='ocrx_word' id='word_1_75' title='bbox 917 1111 986 1146; x_wconf 81' lang='lat' dir='ltr'>abl.</span> <span class='ocrx_word' id='word_1_76' title='bbox 1007 1113 1074 1146; x_wconf 77' lang='lat' dir='ltr'>effe</span> <span class='ocrx_word' id='word_1_77' title='bbox 1094 1113 1133 1146; x_wconf 91' lang='lat' dir='ltr'>in</span> <span class='ocrx_word' id='word_1_78' title='bbox 1147 1111 1300 1149; x_wconf 79' lang='lat' dir='ltr'>Vallenfi</span> <span class='ocrx_word' id='word_1_79' title='bbox 1319 1111 1415 1146; x_wconf 86' lang='lat' dir='ltr'>libro</span> <span class='ocrx_word' id='word_1_80' title='bbox 1434 1111 1565 1158; x_wconf 81' lang='lat' dir='ltr'>refert)</span> 
     </span>
     <span class='ocr_line' id='line_1_12' title="bbox 254 1165 1565 1216; baseline -0.001 -16"><span class='ocrx_word' id='word_1_81' title='bbox 254 1166 436 1205; x_wconf 83' lang='lat' dir='ltr'>omnibus,</span> <span class='ocrx_word' id='word_1_82' title='bbox 466 1177 607 1214; x_wconf 79' lang='lat' dir='ltr'>praeter</span> <span class='ocrx_word' id='word_1_83' title='bbox 619 1167 714 1206; x_wconf 68' lang='lat' dir='ltr'>Ald„</span> <span class='ocrx_word' id='word_1_84' title='bbox 734 1166 892 1216; x_wconf 79' lang='lat' dir='ltr'>proclivi</span> <span class='ocrx_word' id='word_1_85' title='bbox 908 1166 1142 1201; x_wconf 82' lang='lat' dir='ltr'>librariorum</span> <span class='ocrx_word' id='word_1_86' title='bbox 1167 1179 1299 1202; x_wconf 82' lang='lat' dir='ltr'>errore.</span> <span class='ocrx_word' id='word_1_87' title='bbox 1354 1168 1450 1202; x_wconf 81' lang='lat' dir='ltr'>Nam</span> <span class='ocrx_word' id='word_1_88' title='bbox 1471 1165 1565 1200; x_wconf 85' lang='lat' dir='ltr'>abla-</span> 
     </span>
     <span class='ocr_line' id='line_1_13' title="bbox 254 1220 1564 1268; baseline -0.001 -13"><span class='ocrx_word' id='word_1_89' title='bbox 254 1223 356 1256; x_wconf 81' lang='lat' dir='ltr'>tivus</span> <span class='ocrx_word' id='word_1_90' title='bbox 378 1221 470 1256; x_wconf 82' lang='lat' dir='ltr'>solus</span> <span class='ocrx_word' id='word_1_91' title='bbox 494 1222 622 1268; x_wconf 81' lang='lat' dir='ltr'>placet,</span> <span class='ocrx_word' id='word_1_92' title='bbox 643 1223 708 1268; x_wconf 77' lang='lat' dir='ltr'>qui</span> <span class='ocrx_word' id='word_1_93' title='bbox 728 1222 774 1256; x_wconf 88' lang='lat' dir='ltr'>est</span> <span class='ocrx_word' id='word_1_94' title='bbox 792 1222 830 1255; x_wconf 84' lang='lat' dir='ltr'>in</span> <span class='ocrx_word' id='word_1_95' title='bbox 849 1222 959 1257; x_wconf 58' lang='lat' dir='ltr'>Goth.</span> <span class='ocrx_word' id='word_1_96' title='bbox 983 1232 1018 1256; x_wconf 89' lang='lat' dir='ltr'>et</span> <span class='ocrx_word' id='word_1_97' title='bbox 1028 1222 1124 1259; x_wconf 72' lang='lat' dir='ltr'>Vols.</span> <span class='ocrx_word' id='word_1_98' title='bbox 1147 1232 1182 1256; x_wconf 86' lang='lat'>2.</span> <span class='ocrx_word' id='word_1_99' title='bbox 1237 1223 1367 1268; x_wconf 80' lang='lat' dir='ltr'>Neque</span> <span class='ocrx_word' id='word_1_100' title='bbox 1386 1221 1433 1255; x_wconf 82' lang='lat' dir='ltr'>est</span> <span class='ocrx_word' id='word_1_101' title='bbox 1452 1220 1564 1254; x_wconf 86' lang='lat' dir='ltr'>infre-</span> 
     </span>
     <span class='ocr_line' id='line_1_14' title="bbox 255 1274 1563 1324; baseline -0.001 -14"><span class='ocrx_word' id='word_1_102' title='bbox 255 1289 369 1322; x_wconf 84' lang='lat' dir='ltr'>quens</span> <span class='ocrx_word' id='word_1_103' title='bbox 391 1278 473 1312; x_wconf 81' lang='lat' dir='ltr'>usus</span> <span class='ocrx_word' id='word_1_104' title='bbox 502 1277 701 1311; x_wconf 77' lang='lat' dir='ltr'>intendendi</span> <span class='ocrx_word' id='word_1_105' title='bbox 721 1276 906 1311; x_wconf 75' lang='lat' dir='ltr'>absolutus</span> <span class='ocrx_word' id='word_1_106' title='bbox 934 1288 1003 1324; x_wconf 83' lang='lat' dir='ltr'>pro</span> <span class='ocrx_word' id='word_1_107' title='bbox 1027 1277 1219 1315; x_wconf 81' lang='lat' dir='ltr'>tendendo,</span> <span class='ocrx_word' id='word_1_108' title='bbox 1249 1277 1356 1310; x_wconf 82' lang='lat' dir='ltr'>etiam</span> <span class='ocrx_word' id='word_1_109' title='bbox 1383 1288 1467 1310; x_wconf 87' lang='lat' dir='ltr'>cum</span> <span class='ocrx_word' id='word_1_110' title='bbox 1491 1274 1563 1310; x_wconf 83' lang='lat' dir='ltr'>loci</span> 
     </span>
     <span class='ocr_line' id='line_1_15' title="bbox 254 1330 1562 1378; baseline -0.002 -13"><span class='ocrx_word' id='word_1_111' title='bbox 254 1331 428 1366; x_wconf 73' lang='lat' dir='ltr'>adverbio</span> <span class='ocrx_word' id='word_1_112' title='bbox 450 1341 489 1365; x_wconf 86' lang='lat' dir='ltr'>ut</span> <span class='ocrx_word' id='word_1_113' title='bbox 509 1331 605 1378; x_wconf 80' lang='lat' dir='ltr'>apud</span> <span class='ocrx_word' id='word_1_114' title='bbox 627 1331 773 1366; x_wconf 83' lang='lat' dir='ltr'>Terent.</span> <span class='ocrx_word' id='word_1_115' title='bbox 802 1331 915 1365; x_wconf 82' lang='lat' dir='ltr'>Andr.</span> <span class='ocrx_word' id='word_1_116' title='bbox 941 1341 976 1370; x_wconf 85' lang='lat'>2,</span> <span class='ocrx_word' id='word_1_117' title='bbox 999 1341 1033 1368; x_wconf 83' lang='lat'>2,</span> <span class='ocrx_word' id='word_1_118' title='bbox 1056 1331 1080 1365; x_wconf 86' lang='grc'>6</span> <span class='ocrx_word' id='word_1_119' title='bbox 1110 1332 1180 1375; x_wconf 83' lang='lat' dir='ltr'>(cf.</span> <span class='ocrx_word' id='word_1_120' title='bbox 1209 1330 1394 1366; x_wconf 77' lang='lat' dir='ltr'>Drakenb.</span> <span class='ocrx_word' id='word_1_121' title='bbox 1415 1330 1457 1364; x_wconf 82' lang='lat' dir='ltr'>ad</span> <span class='ocrx_word' id='word_1_122' title='bbox 1475 1331 1562 1366; x_wconf 77' lang='lat' dir='ltr'>Liv.</span> 
     </span>
     <span class='ocr_line' id='line_1_16' title="bbox 258 1384 1564 1434; baseline -0.001 -15"><span class='ocrx_word' id='word_1_123' title='bbox 258 1398 320 1424; x_wconf 86' lang='lat'>10,</span> <span class='ocrx_word' id='word_1_124' title='bbox 342 1393 404 1432; x_wconf 72' lang='lat'>43,</span> <span class='ocrx_word' id='word_1_125' title='bbox 426 1395 471 1428; x_wconf 80' lang='lat'>15</span> <span class='ocrx_word' id='word_1_126' title='bbox 493 1396 529 1419; x_wconf 83' lang='lat' dir='ltr'>et</span> <span class='ocrx_word' id='word_1_127' title='bbox 551 1394 614 1429; x_wconf 74' lang='lat'>55,</span> <span class='ocrx_word' id='word_1_128' title='bbox 633 1399 676 1419; x_wconf 84' lang='lat'>11</span> <span class='ocrx_word' id='word_1_129' title='bbox 702 1394 811 1429; x_wconf 78' lang='lat' dir='ltr'>extr.)</span> <span class='ocrx_word' id='word_1_130' title='bbox 830 1387 924 1432; x_wconf 75' lang='lat' dir='ltr'>apud</span> <span class='ocrx_word' id='word_1_131' title='bbox 946 1387 1106 1420; x_wconf 80' lang='lat' dir='ltr'>nostrum</span> <span class='ocrx_word' id='word_1_132' title='bbox 1132 1396 1167 1428; x_wconf 92' lang='lat'>7,</span> <span class='ocrx_word' id='word_1_133' title='bbox 1195 1399 1225 1425; x_wconf 84' lang='lat'>1,</span> <span class='ocrx_word' id='word_1_134' title='bbox 1247 1395 1297 1429; x_wconf 79' lang='lat'>50</span> <span class='ocrx_word' id='word_1_135' title='bbox 1320 1396 1355 1420; x_wconf 86' lang='lat' dir='ltr'>et</span> <span class='ocrx_word' id='word_1_136' title='bbox 1375 1385 1471 1434; x_wconf 83' lang='lat' dir='ltr'>apud</span> <span class='ocrx_word' id='word_1_137' title='bbox 1492 1384 1564 1419; x_wconf 80' lang='lat' dir='ltr'>Sal-</span> 
     </span>
     <span class='ocr_line' id='line_1_17' title="bbox 253 1439 1564 1488; baseline -0.002 -12"><span class='ocrx_word' id='word_1_138' title='bbox 253 1441 331 1476; x_wconf 80' lang='lat' dir='ltr'>lust.</span> <span class='ocrx_word' id='word_1_139' title='bbox 362 1441 565 1486; x_wconf 81' lang='lat' dir='ltr'>aliquoties.</span> <span class='ocrx_word' id='word_1_140' title='bbox 649 1441 797 1475; x_wconf 76' lang='lat' dir='ltr'>Nostrae</span> <span class='ocrx_word' id='word_1_141' title='bbox 835 1442 1031 1474; x_wconf 79' lang='lat' dir='ltr'>structurae</span> <span class='ocrx_word' id='word_1_142' title='bbox 1060 1441 1239 1475; x_wconf 81' lang='lat' dir='ltr'>fimillima</span> <span class='ocrx_word' id='word_1_143' title='bbox 1271 1439 1366 1488; x_wconf 86' lang='lat' dir='ltr'>apud</span> <span class='ocrx_word' id='word_1_144' title='bbox 1395 1443 1564 1474; x_wconf 77' lang='lat' dir='ltr'>Senecam</span> 
     </span>
     <span class='ocr_line' id='line_1_18' title="bbox 253 1494 1563 1542; baseline -0.001 -13"><span class='ocrx_word' id='word_1_145' title='bbox 253 1497 340 1532; x_wconf 75' lang='lat' dir='ltr'>Nat.</span> <span class='ocrx_word' id='word_1_146' title='bbox 372 1496 508 1542; x_wconf 74' lang='lat' dir='ltr'>Quael&#39;t.</span> <span class='ocrx_word' id='word_1_147' title='bbox 539 1495 563 1528; x_wconf 83' lang='lat' dir='ltr'>l.</span> <span class='ocrx_word' id='word_1_148' title='bbox 592 1508 623 1528; x_wconf 85' lang='lat'>1.</span> <span class='ocrx_word' id='word_1_149' title='bbox 646 1495 756 1541; x_wconf 75' lang='lat' dir='ltr'>praef.</span> <span class='ocrx_word' id='word_1_150' title='bbox 789 1499 925 1540; x_wconf 83' lang='lat' dir='ltr'>(quem</span> <span class='ocrx_word' id='word_1_151' title='bbox 955 1495 1078 1529; x_wconf 82' lang='lat' dir='ltr'>locum</span> <span class='ocrx_word' id='word_1_152' title='bbox 1107 1496 1209 1529; x_wconf 79' lang='lat' dir='ltr'>affert</span> <span class='ocrx_word' id='word_1_153' title='bbox 1236 1496 1338 1530; x_wconf 78' lang='lat' dir='ltr'>Gefn.</span> <span class='ocrx_word' id='word_1_154' title='bbox 1369 1495 1408 1529; x_wconf 89' lang='lat' dir='ltr'>in</span> <span class='ocrx_word' id='word_1_155' title='bbox 1431 1494 1563 1538; x_wconf 78' lang='lat' dir='ltr'>Thes.)</span> 
     </span>
     <span class='ocr_line' id='line_1_19' title="bbox 252 1548 1566 1598; baseline -0.002 -13"><span class='ocrx_word' id='word_1_156' title='bbox 252 1552 380 1591; x_wconf 82' lang='lat' dir='ltr'>„Deus</span> <span class='ocrx_word' id='word_1_157' title='bbox 410 1560 508 1584; x_wconf 82' lang='lat' dir='ltr'>totus</span> <span class='ocrx_word' id='word_1_158' title='bbox 536 1552 570 1584; x_wconf 85' lang='lat' dir='ltr'>in</span> <span class='ocrx_word' id='word_1_159' title='bbox 590 1548 634 1596; x_wconf 79' lang='lat' dir='ltr'>se</span> <span class='ocrx_word' id='word_1_160' title='bbox 665 1551 822 1583; x_wconf 68' lang='lat' dir='ltr'>incendat</span> <span class='ocrx_word' id='word_1_161' title='bbox 841 1557 909 1582; x_wconf 83' lang='lat' dir='ltr'>an“</span> <span class='ocrx_word' id='word_1_162' title='bbox 930 1560 996 1584; x_wconf 85' lang='lat' dir='ltr'>cet.</span> <span class='ocrx_word' id='word_1_163' title='bbox 1056 1552 1175 1596; x_wconf 81' lang='lat' dir='ltr'>Quare</span> <span class='ocrx_word' id='word_1_164' title='bbox 1201 1551 1239 1584; x_wconf 90' lang='lat' dir='ltr'>in</span> <span class='ocrx_word' id='word_1_165' title='bbox 1259 1559 1400 1598; x_wconf 81' lang='lat' dir='ltr'>recepta</span> <span class='ocrx_word' id='word_1_166' title='bbox 1426 1549 1566 1596; x_wconf 77' lang='lat' dir='ltr'>acquie-</span> 
     </span>
     <span class='ocr_line' id='line_1_20' title="bbox 251 1603 1564 1654; baseline -0.002 -13"><span class='ocrx_word' id='word_1_167' title='bbox 251 1609 355 1644; x_wconf 67' lang='lat' dir='ltr'>scam,</span> <span class='ocrx_word' id='word_1_168' title='bbox 387 1607 446 1639; x_wconf 83' lang='lat' dir='ltr'>etfi</span> <span class='ocrx_word' id='word_1_169' title='bbox 466 1615 683 1654; x_wconf 73' lang='lat' dir='ltr'>magnopere</span> <span class='ocrx_word' id='word_1_170' title='bbox 704 1605 846 1638; x_wconf 79' lang='lat' dir='ltr'>variant</span> <span class='ocrx_word' id='word_1_171' title='bbox 866 1603 964 1639; x_wconf 80' lang='lat' dir='ltr'>libri.</span> <span class='ocrx_word' id='word_1_172' title='bbox 1018 1606 1117 1639; x_wconf 80' lang='lat' dir='ltr'>Alm.</span> <span class='ocrx_word' id='word_1_173' title='bbox 1138 1615 1174 1640; x_wconf 88' lang='lat' dir='ltr'>et</span> <span class='ocrx_word' id='word_1_174' title='bbox 1193 1606 1316 1640; x_wconf 83' lang='lat' dir='ltr'>Turio.</span> <span class='ocrx_word' id='word_1_175' title='bbox 1344 1604 1431 1640; x_wconf 79' lang='lat' dir='ltr'>haec</span> <span class='ocrx_word' id='word_1_176' title='bbox 1457 1604 1564 1639; x_wconf 80' lang='lat' dir='ltr'>dant:</span> 
     </span>
     <span class='ocr_line' id='line_1_21' title="bbox 251 1659 1565 1708; baseline -0.002 -13"><span class='ocrx_word' id='word_1_177' title='bbox 251 1664 400 1708; x_wconf 80' lang='lat' dir='ltr'>primam</span> <span class='ocrx_word' id='word_1_178' title='bbox 420 1670 556 1707; x_wconf 77' lang='lat' dir='ltr'>partem</span> <span class='ocrx_word' id='word_1_179' title='bbox 588 1679 642 1685; x_wconf 89' lang='lat'>-</span> <span class='ocrx_word' id='word_1_180' title='bbox 671 1662 705 1693; x_wconf 82' lang='lat' dir='ltr'>in</span> <span class='ocrx_word' id='word_1_181' title='bbox 718 1660 782 1694; x_wconf 76' lang='lat' dir='ltr'>hoc</span> <span class='ocrx_word' id='word_1_182' title='bbox 801 1660 912 1694; x_wconf 72' lang='lat' dir='ltr'>tendit</span> <span class='ocrx_word' id='word_1_183' title='bbox 933 1659 996 1704; x_wconf 82' lang='lat' dir='ltr'>(cf.</span> <span class='ocrx_word' id='word_1_184' title='bbox 1010 1669 1086 1694; x_wconf 86' lang='lat' dir='ltr'>not.</span> <span class='ocrx_word' id='word_1_185' title='bbox 1109 1672 1228 1707; x_wconf 73' lang='lat' dir='ltr'>prox„</span> <span class='ocrx_word' id='word_1_186' title='bbox 1248 1670 1283 1695; x_wconf 86' lang='lat' dir='ltr'>et</span> <span class='ocrx_word' id='word_1_187' title='bbox 1299 1659 1463 1694; x_wconf 82' lang='lat' dir='ltr'>similiter</span> <span class='ocrx_word' id='word_1_188' title='bbox 1481 1671 1565 1694; x_wconf 84' lang='lat' dir='ltr'>con-</span> 
     </span>
     <span class='ocr_line' id='line_1_22' title="bbox 254 1713 1565 1762; baseline -0.002 -12"><span class='ocrx_word' id='word_1_189' title='bbox 254 1715 329 1750; x_wconf 77' lang='lat' dir='ltr'>fusa</span> <span class='ocrx_word' id='word_1_190' title='bbox 350 1715 480 1750; x_wconf 68' lang='lat' dir='ltr'>intend.</span> <span class='ocrx_word' id='word_1_191' title='bbox 501 1724 536 1748; x_wconf 88' lang='lat' dir='ltr'>et</span> <span class='ocrx_word' id='word_1_192' title='bbox 555 1714 649 1749; x_wconf 81' lang='lat' dir='ltr'>tend.</span> <span class='ocrx_word' id='word_1_193' title='bbox 679 1714 766 1749; x_wconf 75' lang='lat' dir='ltr'>vide</span> <span class='ocrx_word' id='word_1_194' title='bbox 796 1713 892 1761; x_wconf 85' lang='lat' dir='ltr'>apud</span> <span class='ocrx_word' id='word_1_195' title='bbox 921 1714 1104 1750; x_wconf 77' lang='lat' dir='ltr'>Drakenb.</span> <span class='ocrx_word' id='word_1_196' title='bbox 1130 1714 1170 1748; x_wconf 89' lang='lat' dir='ltr'>ll.</span> <span class='ocrx_word' id='word_1_197' title='bbox 1193 1727 1242 1749; x_wconf 88' lang='lat' dir='ltr'>cc.</span> <span class='ocrx_word' id='word_1_198' title='bbox 1265 1727 1470 1761; x_wconf 80' lang='lat' dir='ltr'>quanquam</span> <span class='ocrx_word' id='word_1_199' title='bbox 1491 1713 1565 1762; x_wconf 81' lang='lat' dir='ltr'>pla-</span> 
     </span>
     <span class='ocr_line' id='line_1_23' title="bbox 254 1768 1566 1818; baseline -0.001 -13"><span class='ocrx_word' id='word_1_200' title='bbox 254 1783 332 1805; x_wconf 85' lang='lat' dir='ltr'>cere</span> <span class='ocrx_word' id='word_1_201' title='bbox 367 1770 479 1817; x_wconf 79' lang='lat' dir='ltr'>potest</span> <span class='ocrx_word' id='word_1_202' title='bbox 507 1769 594 1803; x_wconf 84' lang='lat' dir='ltr'>haec</span> <span class='ocrx_word' id='word_1_203' title='bbox 623 1769 818 1816; x_wconf 83' lang='lat' dir='ltr'>scriptura,</span> <span class='ocrx_word' id='word_1_204' title='bbox 856 1769 967 1803; x_wconf 83' lang='lat' dir='ltr'>modo</span> <span class='ocrx_word' id='word_1_205' title='bbox 995 1768 1174 1804; x_wconf 83' lang='lat' dir='ltr'>deleveris</span> <span class='ocrx_word' id='word_1_206' title='bbox 1207 1770 1322 1818; x_wconf 82' lang='lat' dir='ltr'>apices</span> <span class='ocrx_word' id='word_1_207' title='bbox 1352 1770 1391 1804; x_wconf 85' lang='lat' dir='ltr'>in</span> <span class='ocrx_word' id='word_1_208' title='bbox 1418 1771 1566 1816; x_wconf 83' lang='lat' dir='ltr'>primam</span> 
     </span>
     <span class='ocr_line' id='line_1_24' title="bbox 253 1823 1564 1874; baseline -0.003 -13"><span class='ocrx_word' id='word_1_209' title='bbox 253 1836 400 1874; x_wconf 78' lang='lat' dir='ltr'>partem,</span> <span class='ocrx_word' id='word_1_210' title='bbox 431 1825 495 1871; x_wconf 86' lang='lat' dir='ltr'>qui</span> <span class='ocrx_word' id='word_1_211' title='bbox 517 1837 562 1858; x_wconf 86' lang='lat' dir='ltr'>ex</span> <span class='ocrx_word' id='word_1_212' title='bbox 584 1824 653 1858; x_wconf 79' lang='lat' dir='ltr'>abl.</span> <span class='ocrx_word' id='word_1_213' title='bbox 675 1823 769 1857; x_wconf 82' lang='lat' dir='ltr'>male</span> <span class='ocrx_word' id='word_1_214' title='bbox 792 1825 954 1858; x_wconf 83' lang='lat' dir='ltr'>fecerunt</span> <span class='ocrx_word' id='word_1_215' title='bbox 974 1826 1076 1872; x_wconf 68' lang='lat' dir='ltr'>acm).</span> <span class='ocrx_word' id='word_1_216' title='bbox 1121 1825 1218 1863; x_wconf 79' lang='lat' dir='ltr'>Voss&#39;.</span> <span class='ocrx_word' id='word_1_217' title='bbox 1241 1834 1276 1859; x_wconf 84' lang='lat'>2.</span> <span class='ocrx_word' id='word_1_218' title='bbox 1307 1824 1416 1860; x_wconf 89' lang='lat' dir='ltr'>Goth.</span> <span class='ocrx_word' id='word_1_219' title='bbox 1436 1834 1471 1858; x_wconf 86' lang='lat' dir='ltr'>et</span> <span class='ocrx_word' id='word_1_220' title='bbox 1480 1823 1564 1858; x_wconf 85' lang='lat' dir='ltr'>Ald.</span> 
     </span>
     <span class='ocr_line' id='line_1_25' title="bbox 253 1878 1565 1928; baseline 0 -15"><span class='ocrx_word' id='word_1_221' title='bbox 253 1883 367 1928; x_wconf 75' lang='lat' dir='ltr'>prima</span> <span class='ocrx_word' id='word_1_222' title='bbox 397 1892 497 1927; x_wconf 78' lang='lat' dir='ltr'>parte</span> <span class='ocrx_word' id='word_1_223' title='bbox 526 1899 580 1906; x_wconf 90' lang='lat'><strong>·-—-</strong></span> <span class='ocrx_word' id='word_1_224' title='bbox 606 1880 669 1913; x_wconf 83' lang='lat' dir='ltr'>hoc</span> <span class='ocrx_word' id='word_1_225' title='bbox 697 1880 863 1918; x_wconf 75' lang='lat' dir='ltr'>intendit,</span> <span class='ocrx_word' id='word_1_226' title='bbox 904 1878 971 1914; x_wconf 85' lang='lat' dir='ltr'>ubi</span> <span class='ocrx_word' id='word_1_227' title='bbox 994 1881 1097 1915; x_wconf 81' lang='lat' dir='ltr'>Gesn.</span> <span class='ocrx_word' id='word_1_228' title='bbox 1119 1879 1223 1914; x_wconf 84' lang='lat' dir='ltr'>malit</span> <span class='ocrx_word' id='word_1_229' title='bbox 1245 1880 1335 1920; x_wconf 64' lang='lat' dir='ltr'>luae,-</span> <span class='ocrx_word' id='word_1_230' title='bbox 1373 1879 1432 1914; x_wconf 83' lang='lat' dir='ltr'>fed</span> <span class='ocrx_word' id='word_1_231' title='bbox 1452 1879 1565 1926; x_wconf 83' lang='lat' dir='ltr'>potest</span> 
     </span>
     <span class='ocr_line' id='line_1_26' title="bbox 252 1932 1563 1982; baseline -0.002 -12"><span class='ocrx_word' id='word_1_232' title='bbox 252 1936 342 1970; x_wconf 70' lang='lat' dir='ltr'>fen-i</span> <span class='ocrx_word' id='word_1_233' title='bbox 361 1936 433 1982; x_wconf 73' lang='lat' dir='ltr'>ipsa</span> <span class='ocrx_word' id='word_1_234' title='bbox 451 1934 513 1968; x_wconf 74' lang='lat' dir='ltr'>ism</span> <span class='ocrx_word' id='word_1_235' title='bbox 534 1935 705 1981; x_wconf 81' lang='lat' dir='ltr'>scriptura</span> <span class='ocrx_word' id='word_1_236' title='bbox 718 1959 728 1972; x_wconf 89' lang='lat'><em>,</em></span> <span class='ocrx_word' id='word_1_237' title='bbox 760 1934 933 1980; x_wconf 87' lang='lat' dir='ltr'>quoniam</span> <span class='ocrx_word' id='word_1_238' title='bbox 953 1946 1027 1968; x_wconf 87' lang='lat' dir='ltr'>non</span> <span class='ocrx_word' id='word_1_239' title='bbox 1048 1932 1153 1970; x_wconf 81' lang='lat' dir='ltr'>semel</span> <span class='ocrx_word' id='word_1_240' title='bbox 1171 1934 1218 1969; x_wconf 82' lang='lat' dir='ltr'>est</span> <span class='ocrx_word' id='word_1_241' title='bbox 1235 1934 1330 1982; x_wconf 83' lang='lat' dir='ltr'>apud</span> <span class='ocrx_word' id='word_1_242' title='bbox 1349 1934 1467 1982; x_wconf 84' lang='lat' dir='ltr'>ipsum</span> <span class='ocrx_word' id='word_1_243' title='bbox 1487 1935 1563 1969; x_wconf 75' lang='lat' dir='ltr'>Cic.</span> 
     </span>
     <span class='ocr_line' id='line_1_27' title="bbox 253 1988 1563 2039; baseline -0.002 -14"><span class='ocrx_word' id='word_1_244' title='bbox 253 1991 390 2039; x_wconf 74' lang='lat' dir='ltr'>aliquid</span> <span class='ocrx_word' id='word_1_245' title='bbox 407 1993 467 2024; x_wconf 71' lang='lat' dir='ltr'>int.</span> <span class='ocrx_word' id='word_1_246' title='bbox 502 1991 612 2023; x_wconf 80' lang='lat' dir='ltr'>Tarv.</span> <span class='ocrx_word' id='word_1_247' title='bbox 634 1988 714 2026; x_wconf 74' lang='lat' dir='ltr'>sola,</span> <span class='ocrx_word' id='word_1_248' title='bbox 744 1990 783 2021; x_wconf 88' lang='lat' dir='ltr'>ni</span> <span class='ocrx_word' id='word_1_249' title='bbox 802 1988 931 2028; x_wconf 76' lang='lat' dir='ltr'>fallor,</span> <span class='ocrx_word' id='word_1_250' title='bbox 957 1993 1105 2036; x_wconf 79' lang='lat' dir='ltr'>primam</span> <span class='ocrx_word' id='word_1_251' title='bbox 1126 2001 1264 2037; x_wconf 79' lang='lat' dir='ltr'>partem</span> <span class='ocrx_word' id='word_1_252' title='bbox 1287 1992 1483 2037; x_wconf 62' lang='lat' dir='ltr'>oratioogum,</span> <span class='ocrx_word' id='word_1_253' title='bbox 1499 1990 1563 2023; x_wconf 66' lang='lat' dir='ltr'>hoc</span> 
     </span>
     <span class='ocr_line' id='line_1_28' title="bbox 251 2043 1566 2092; baseline 0.001 -13"><span class='ocrx_word' id='word_1_254' title='bbox 251 2047 315 2080; x_wconf 80' lang='lat' dir='ltr'>int.</span> <span class='ocrx_word' id='word_1_255' title='bbox 338 2058 383 2078; x_wconf 78' lang='lat' dir='ltr'>ex</span> <span class='ocrx_word' id='word_1_256' title='bbox 404 2057 528 2082; x_wconf 79' lang='lat' dir='ltr'>mero,</span> <span class='ocrx_word' id='word_1_257' title='bbox 557 2054 658 2090; x_wconf 84' lang='lat' dir='ltr'>puto,</span> <span class='ocrx_word' id='word_1_258' title='bbox 686 2043 880 2090; x_wconf 72' lang='lat' dir='ltr'>sphalmate</span> <span class='ocrx_word' id='word_1_259' title='bbox 901 2047 1097 2079; x_wconf 80' lang='lat' dir='ltr'>orationum</span> <span class='ocrx_word' id='word_1_260' title='bbox 1118 2057 1186 2092; x_wconf 82' lang='lat' dir='ltr'>pro</span> <span class='ocrx_word' id='word_1_261' title='bbox 1203 2046 1368 2086; x_wconf 69' lang='lat' dir='ltr'>orationis</span> <span class='ocrx_word' id='word_1_262' title='bbox 1385 2046 1432 2080; x_wconf 81' lang='lat' dir='ltr'>in.</span> <span class='ocrx_word' id='word_1_263' title='bbox 1483 2044 1566 2080; x_wconf 85' lang='lat' dir='ltr'>No·</span> 
     </span>
     <span class='ocr_line' id='line_1_29' title="bbox 252 2098 1277 2147; baseline -0.002 -12"><span class='ocrx_word' id='word_1_264' title='bbox 252 2101 356 2135; x_wconf 80' lang='lat' dir='ltr'>stram</span> <span class='ocrx_word' id='word_1_265' title='bbox 376 2100 486 2147; x_wconf 82' lang='lat' dir='ltr'>ipsam</span> <span class='ocrx_word' id='word_1_266' title='bbox 506 2098 590 2133; x_wconf 83' lang='lat' dir='ltr'>dare</span> <span class='ocrx_word' id='word_1_267' title='bbox 610 2099 784 2133; x_wconf 84' lang='lat' dir='ltr'>videntur</span> <span class='ocrx_word' id='word_1_268' title='bbox 803 2098 908 2134; x_wconf 82' lang='lat' dir='ltr'>Bodl.</span> <span class='ocrx_word' id='word_1_269' title='bbox 933 2102 1054 2133; x_wconf 84' lang='lat' dir='ltr'>Ioann.</span> <span class='ocrx_word' id='word_1_270' title='bbox 1078 2112 1162 2133; x_wconf 86' lang='lat' dir='ltr'>cum</span> <span class='ocrx_word' id='word_1_271' title='bbox 1181 2098 1277 2136; x_wconf 83' lang='lat' dir='ltr'>Vall.</span> 
     </span>
    </p>

    <p class='ocr_par' dir='ltr' id='par_1_4' title="bbox 330 2151 1562 2203">
     <span class='ocr_line' id='line_1_30' title="bbox 330 2151 1562 2203; baseline -0.002 -14"><span class='ocrx_word' id='word_1_272' title='bbox 330 2165 411 2190; x_wconf 80' lang='lat' dir='ltr'>ante</span> <span class='ocrx_word' id='word_1_273' title='bbox 439 2167 592 2203; x_wconf 77' lang='lat' dir='ltr'>prooem.</span> <span class='ocrx_word' id='word_1_274' title='bbox 611 2153 690 2202; x_wconf 88' lang='lat' dir='ltr'>pos.</span> <span class='ocrx_word' id='word_1_275' title='bbox 746 2154 916 2188; x_wconf 79' lang='lat' dir='ltr'>Pertinax</span> <span class='ocrx_word' id='word_1_276' title='bbox 937 2154 984 2188; x_wconf 86' lang='lat' dir='ltr'>est</span> <span class='ocrx_word' id='word_1_277' title='bbox 1002 2166 1103 2189; x_wconf 81' lang='lat' dir='ltr'>error</span> <span class='ocrx_word' id='word_1_278' title='bbox 1122 2164 1246 2196; x_wconf 76' lang='lat' dir='ltr'>omnes</span> <span class='ocrx_word' id='word_1_279' title='bbox 1264 2152 1424 2189; x_wconf 78' lang='lat' dir='ltr'>obsidens</span> <span class='ocrx_word' id='word_1_280' title='bbox 1447 2151 1562 2189; x_wconf 81' lang='lat' dir='ltr'>codd.</span> 
     </span>
    </p>
   </div>
   <div class='ocr_carea' id='block_1_4' title="bbox 252 2293 1565 2782">
    <p class='ocr_par' dir='ltr' id='par_1_5' title="bbox 252 2293 1565 2782">
     <span class='ocr_line' id='line_1_31' title="bbox 306 2293 1560 2344; baseline -0.002 -12"><span class='ocrx_word' id='word_1_281' title='bbox 306 2310 373 2344; x_wconf 82' lang='lat' dir='ltr'>pro</span> <span class='ocrx_word' id='word_1_282' title='bbox 410 2296 559 2332; x_wconf 80' lang='lat' dir='ltr'>Rabirio</span> <span class='ocrx_word' id='word_1_283' title='bbox 607 2293 773 2344; x_wconf 77' lang='lat' dir='ltr'><em>Postumo</em></span> <span class='ocrx_word' id='word_1_284' title='bbox 809 2297 882 2332; x_wconf 86' lang='lat' dir='ltr'>Cic.</span> <span class='ocrx_word' id='word_1_285' title='bbox 940 2306 1022 2336; x_wconf 87' lang='lat' dir='ltr'>tur,</span> <span class='ocrx_word' id='word_1_286' title='bbox 1066 2299 1189 2342; x_wconf 81' lang='lat' dir='ltr'>jurene</span> <span class='ocrx_word' id='word_1_287' title='bbox 1221 2299 1313 2332; x_wconf 78' lang='lat' dir='ltr'>actio</span> <span class='ocrx_word' id='word_1_288' title='bbox 1349 2295 1560 2331; x_wconf 78' lang='lat' dir='ltr'>intendatur.</span> 
     </span>
     <span class='ocr_line' id='line_1_32' title="bbox 253 2351 1565 2400; baseline -0.001 -14"><span class='ocrx_word' id='word_1_289' title='bbox 253 2352 332 2388; x_wconf 82' lang='lat' dir='ltr'>vid.</span> <span class='ocrx_word' id='word_1_290' title='bbox 355 2352 555 2386; x_wconf 78' lang='lat' dir='ltr'>orationem</span> <span class='ocrx_word' id='word_1_291' title='bbox 584 2352 694 2398; x_wconf 83' lang='lat' dir='ltr'>ipsam</span> <span class='ocrx_word' id='word_1_292' title='bbox 714 2364 804 2398; x_wconf 81' lang='lat' dir='ltr'>quae</span> <span class='ocrx_word' id='word_1_293' title='bbox 825 2364 885 2385; x_wconf 82' lang='lat' dir='ltr'>ex·</span> <span class='ocrx_word' id='word_1_294' title='bbox 939 2352 985 2386; x_wconf 84' lang='lat' dir='ltr'>cf.</span> <span class='ocrx_word' id='word_1_295' title='bbox 1014 2352 1045 2395; x_wconf 84' lang='lat'>§.</span> <span class='ocrx_word' id='word_1_296' title='bbox 1068 2359 1133 2398; x_wconf 77' lang='grc'>84.</span> <span class='ocrx_word' id='word_1_297' title='bbox 1153 2359 1218 2396; x_wconf 85' lang='grc'>85.</span> <span class='ocrx_word' id='word_1_298' title='bbox 1244 2351 1308 2396; x_wconf 86' lang='grc'>86.</span> <span class='ocrx_word' id='word_1_299' title='bbox 1365 2352 1484 2400; x_wconf 73' lang='lat' dir='ltr'>Negat</span> <span class='ocrx_word' id='word_1_300' title='bbox 1503 2363 1565 2385; x_wconf 84' lang='lat' dir='ltr'>au-</span> 
     </span>
     <span class='ocr_line' id='line_1_33' title="bbox 255 2404 1561 2455; baseline -0.002 -14"><span class='ocrx_word' id='word_1_301' title='bbox 255 2417 326 2447; x_wconf 77' lang='lat' dir='ltr'>tat;</span> <span class='ocrx_word' id='word_1_302' title='bbox 366 2408 405 2441; x_wconf 86' lang='lat' dir='ltr'>in</span> <span class='ocrx_word' id='word_1_303' title='bbox 426 2409 512 2441; x_wconf 85' lang='lat' dir='ltr'>Ern.</span> <span class='ocrx_word' id='word_1_304' title='bbox 537 2406 591 2442; x_wconf 89' lang='lat' dir='ltr'>ed.</span> <span class='ocrx_word' id='word_1_305' title='bbox 612 2406 697 2444; x_wconf 89' lang='lat' dir='ltr'>Vol.</span> <span class='ocrx_word' id='word_1_306' title='bbox 719 2416 755 2439; x_wconf 80' lang='lat'>¹).-</span> <span class='ocrx_word' id='word_1_307' title='bbox 782 2416 883 2453; x_wconf 84' lang='lat' dir='ltr'>parte</span> <span class='ocrx_word' id='word_1_308' title='bbox 939 2416 1010 2440; x_wconf 88' lang='lat' dir='ltr'>tem</span> <span class='ocrx_word' id='word_1_309' title='bbox 1024 2417 1124 2453; x_wconf 82' lang='lat' dir='ltr'>parte</span> <span class='ocrx_word' id='word_1_310' title='bbox 1144 2409 1256 2454; x_wconf 84' lang='lat' dir='ltr'>prima</span> <span class='ocrx_word' id='word_1_311' title='bbox 1269 2406 1356 2445; x_wconf 70' lang='lat' dir='ltr'>Cic„</span> <span class='ocrx_word' id='word_1_312' title='bbox 1370 2405 1466 2454; x_wconf 80' lang='lat' dir='ltr'>poffe</span> <span class='ocrx_word' id='word_1_313' title='bbox 1482 2404 1561 2455; x_wconf 81' lang='lat' dir='ltr'>lege</span> 
     </span>
     <span class='ocr_line' id='line_1_34' title="bbox 258 2460 1561 2508; baseline -0.002 -12"><span class='ocrx_word' id='word_1_314' title='bbox 258 2472 292 2496; x_wconf 76' lang='lat'>2.</span> <span class='ocrx_word' id='word_1_315' title='bbox 322 2475 358 2508; x_wconf 85' lang='lat' dir='ltr'>p.</span> <span class='ocrx_word' id='word_1_316' title='bbox 397 2462 511 2505; x_wconf 77' lang='lat'>1386.</span> <span class='ocrx_word' id='word_1_317' title='bbox 563 2464 679 2508; x_wconf 82' lang='lat' dir='ltr'>prima</span> <span class='ocrx_word' id='word_1_318' title='bbox 708 2460 770 2494; x_wconf 84' lang='lat' dir='ltr'>illa</span> <span class='ocrx_word' id='word_1_319' title='bbox 799 2474 883 2508; x_wconf 84' lang='lat' dir='ltr'>pars</span> <span class='ocrx_word' id='word_1_320' title='bbox 937 2460 1033 2499; x_wconf 80' lang='lat' dir='ltr'>Julia</span> <span class='ocrx_word' id='word_1_321' title='bbox 1065 2462 1109 2495; x_wconf 87' lang='lat' dir='ltr'>de</span> <span class='ocrx_word' id='word_1_322' title='bbox 1137 2461 1348 2508; x_wconf 77' lang='lat' dir='ltr'>repetundis</span> <span class='ocrx_word' id='word_1_323' title='bbox 1380 2461 1561 2494; x_wconf 81' lang='lat' dir='ltr'>actionem</span> 
     </span>
     <span class='ocr_line' id='line_1_35' title="bbox 253 2515 1561 2566; baseline -0.002 -16"><span class='ocrx_word' id='word_1_324' title='bbox 253 2518 430 2565; x_wconf 79' lang='lat' dir='ltr'>pertingit</span> <span class='ocrx_word' id='word_1_325' title='bbox 451 2517 494 2550; x_wconf 80' lang='lat' dir='ltr'>ad</span> <span class='ocrx_word' id='word_1_326' title='bbox 512 2516 622 2550; x_wconf 82' lang='lat' dir='ltr'>finem</span> <span class='ocrx_word' id='word_1_327' title='bbox 651 2528 765 2562; x_wconf 81' lang='lat' dir='ltr'>usque</span> <span class='ocrx_word' id='word_1_328' title='bbox 794 2529 822 2550; x_wconf 87' lang='lat' dir='ltr'>e.</span> <span class='ocrx_word' id='word_1_329' title='bbox 845 2525 880 2558; x_wconf 87' lang='lat'>7.</span> <span class='ocrx_word' id='word_1_330' title='bbox 937 2515 1078 2550; x_wconf 80' lang='lat' dir='ltr'>intendi</span> <span class='ocrx_word' id='word_1_331' title='bbox 1105 2517 1142 2549; x_wconf 89' lang='lat' dir='ltr'>iu</span> <span class='ocrx_word' id='word_1_332' title='bbox 1174 2516 1333 2562; x_wconf 82' lang='lat' dir='ltr'>equitem</span> <span class='ocrx_word' id='word_1_333' title='bbox 1353 2515 1561 2566; x_wconf 70' lang='lat' dir='ltr'>magistratu</span> 
     </span>
     <span class='ocr_line' id='line_1_36' title="bbox 253 2570 1238 2621; baseline -0.002 -15"><span class='ocrx_word' id='word_1_334' title='bbox 253 2573 313 2606; x_wconf 82' lang='lat' dir='ltr'>Fit</span> <span class='ocrx_word' id='word_1_335' title='bbox 344 2573 460 2621; x_wconf 59' lang='lat' dir='ltr'>igitur</span> <span class='ocrx_word' id='word_1_336' title='bbox 489 2572 606 2605; x_wconf 82' lang='lat' dir='ltr'>causae</span> <span class='ocrx_word' id='word_1_337' title='bbox 636 2570 745 2616; x_wconf 80' lang='lat' dir='ltr'>hujus</span> <span class='ocrx_word' id='word_1_338' title='bbox 773 2571 880 2604; x_wconf 72' lang='lat' dir='ltr'>status</span> <span class='ocrx_word' id='word_1_339' title='bbox 934 2570 1038 2604; x_wconf 85' lang='lat' dir='ltr'>nullo</span> <span class='ocrx_word' id='word_1_340' title='bbox 1058 2571 1238 2605; x_wconf 84' lang='lat' dir='ltr'>functum.</span> 
     </span>
     <span class='ocr_line' id='line_1_37' title="bbox 253 2623 1559 2673; baseline -0.004 -12"><span class='ocrx_word' id='word_1_341' title='bbox 253 2629 470 2671; x_wconf 79' lang='lat' dir='ltr'>conjectura,</span> <span class='ocrx_word' id='word_1_342' title='bbox 509 2638 616 2663; x_wconf 86' lang='lat' dir='ltr'>cum,</span> <span class='ocrx_word' id='word_1_343' title='bbox 646 2627 670 2659; x_wconf 81' lang='lat' dir='ltr'>fi</span> <span class='ocrx_word' id='word_1_344' title='bbox 700 2626 801 2672; x_wconf 86' lang='lat' dir='ltr'>prius</span> <span class='ocrx_word' id='word_1_345' title='bbox 831 2627 881 2660; x_wconf 86' lang='lat' dir='ltr'>so·</span> <span class='ocrx_word' id='word_1_346' title='bbox 984 2636 1066 2659; x_wconf 80' lang='lat' dir='ltr'>ante</span> <span class='ocrx_word' id='word_1_347' title='bbox 1085 2639 1239 2673; x_wconf 79' lang='lat' dir='ltr'>prooem.</span> <span class='ocrx_word' id='word_1_348' title='bbox 1259 2623 1337 2673; x_wconf 89' lang='lat' dir='ltr'>pos.</span> <span class='ocrx_word' id='word_1_349' title='bbox 1382 2625 1443 2660; x_wconf 87' lang='lat' dir='ltr'>De</span> <span class='ocrx_word' id='word_1_350' title='bbox 1462 2635 1559 2671; x_wconf 75' lang='lat' dir='ltr'>prae-</span> 
     </span>
     <span class='ocr_line' id='line_1_38' title="bbox 252 2678 1556 2727; baseline -0.002 -11"><span class='ocrx_word' id='word_1_351' title='bbox 252 2680 328 2716; x_wconf 86' lang='lat' dir='ltr'>lum</span> <span class='ocrx_word' id='word_1_352' title='bbox 360 2681 534 2715; x_wconf 75' lang='lat' dir='ltr'>tractass&#39;et</span> <span class='ocrx_word' id='word_1_353' title='bbox 553 2681 649 2718; x_wconf 67' lang='lat' dir='ltr'>Cic„</span> <span class='ocrx_word' id='word_1_354' title='bbox 677 2681 797 2714; x_wconf 79' lang='lat' dir='ltr'>fuiffet</span> <span class='ocrx_word' id='word_1_355' title='bbox 824 2680 880 2714; x_wconf 82' lang='lat' dir='ltr'>fn-</span> <span class='ocrx_word' id='word_1_356' title='bbox 932 2680 1070 2727; x_wconf 80' lang='lat' dir='ltr'>postera</span> <span class='ocrx_word' id='word_1_357' title='bbox 1097 2681 1161 2716; x_wconf 79' lang='lat' dir='ltr'>hac</span> <span class='ocrx_word' id='word_1_358' title='bbox 1184 2679 1339 2716; x_wconf 80' lang='lat' dir='ltr'>lectione</span> <span class='ocrx_word' id='word_1_359' title='bbox 1372 2678 1449 2716; x_wconf 81' lang='lat' dir='ltr'>vid.</span> <span class='ocrx_word' id='word_1_360' title='bbox 1479 2687 1556 2713; x_wconf 80' lang='lat' dir='ltr'>not.</span> 
     </span>
     <span class='ocr_line' id='line_1_39' title="bbox 252 2734 1026 2782; baseline -0.001 -12"><span class='ocrx_word' id='word_1_361' title='bbox 252 2746 335 2774; x_wconf 81' lang='lat' dir='ltr'>tura</span> <span class='ocrx_word' id='word_1_362' title='bbox 353 2737 554 2774; x_wconf 78' lang='lat' dir='ltr'>translatio,</span> <span class='ocrx_word' id='word_1_363' title='bbox 586 2747 656 2782; x_wconf 81' lang='lat' dir='ltr'>qua</span> <span class='ocrx_word' id='word_1_364' title='bbox 679 2734 718 2770; x_wconf 81' lang='lat' dir='ltr'>id</span> <span class='ocrx_word' id='word_1_365' title='bbox 740 2735 880 2782; x_wconf 76' lang='lat' dir='ltr'>quaeri·</span> <span class='ocrx_word' id='word_1_366' title='bbox 934 2735 1026 2770; x_wconf 83' lang='lat' dir='ltr'>Crit.</span> 
     </span>
    </p>
   </div>
  </div>
 </body>
</html>
