1656 2990
500 174 954 220 PRAEFATIO.
1314 190 1408 221 mx

59 300 192 352 Ibid.
216 300 360 375 apud
380 300 681 351 Robertum
701 300 930 358 winter,
969 299 1028 348 A.
1050 297 1130 354 M.
1144 300 1211 349 D.
1226 300 1404 350 XLIII.

134 391 314 442 mense
346 393 561 442 Martio.
603 395 654 453 4.
734 391 866 439 Non
893 387 965 438 est
1000 389 1204 439 diversa
1228 408 1257 439 a
1281 409 1408 457 pro-

136 484 297 542 xima,
330 482 429 532 nifi
460 479 607 548 quod
636 480 894 531 accedunt
920 479 1281 534 novendecim
1298 483 1409 531 De-

134 574 488 624 clamationes.

59 707 322 773 Lugduni
340 705 485 775 apud
506 703 866 756 Sebastianum
880 704 1202 773 Gryphium.
1246 723 1271 754 1
1283 708 1410 770 544.

133 809 181 855 8.

61 920 320 968 Genevae.
391 917 698 968 Excudebat
738 918 960 972 Iacobus
1007 921 1174 970 Stoer.
1216 920 1307 969 M.
1337 918 1406 968 D.

44 1039 46 1042 >
129 1010 260 1059 XCI.
307 1021 357 1067 8·

57 1130 277 1181 Ibidem.
358 1129 672 1197 Sumptibus
706 1130 850 1180 Petri
893 1130 1124 1182 Chouet.
1186 1130 1265 1179 Μ.
1295 1128 1409 1180 DC.

133 1223 262 1270 XLI.
307 1234 355 1278 8·

57 1346 317 1414 Lugduni
339 1350 515 1398 Batav.
542 1363 606 1396 ex
629 1343 838 1397 officina
855 1343 1138 1396 Hackiana.
1174 1349 1334 1403 1665.
1361 1355 1410 1402 8.

63 1481 326 1540 Oxoniae,
379 1498 408 1530 e
444 1481 678 1531 Theatro
710 1478 1088 1530 Sheldoniano.
1148 1484 1307 1539 1695.
1361 1482 1413 1542 4.

136 1570 458 1621 Edmundus
505 1569 732 1628 Gibson‚
800 1570 897 1635 qui
940 1570 1078 1619 hanc
1119 1568 1416 1618 editionem

139 1663 375 1720 curavit,
435 1678 558 1710 cum
603 1660 851 1710 redderet
891 1658 1252 1710 recenfionem
1292 1659 1416 1707 Lei-

138 1750 379 1810 densem,
419 1767 546 1800 cum
575 1751 762 1799 eadem
793 1751 1025 1800 contulit
1056 1761 1160 1800 tres
1187 1731 1417 1800 Codices

138 1842 285 1893 MSS.
339 1842 400 1889 in
445 1843 609 1890 trium
655 1841 1028 1906 Collegiorum
1072 1840 1418 1890 bibliothecis

142 1930 422 1998 repositos,
459 1932 697 1995 itemque
736 1940 939 1980 veteres
972 1929 1234 1981 editiones
1276 1940 1413 1982 octo,

144 2026 384 2091 Quarum
410 2031 514 2071 tres
545 2038 669 2070 cum
689 2031 742 2069 et
769 2019 879 2086 ipse
903 2030 1196 2079 tractarem,
1244 2022 1415 2069 anim-

47 2152 53 2154 .
144 2111 365 2170 adverti,
400 2128 514 2160 non
542 2112 748 2177 ubique
768 2127 883 2158 eam
911 2108 1066 2160 fuiffe
1095 2112 1155 2160 in
1191 2110 1415 2161 homine

107 2235 109 2238 -
143 2201 500 2266 diligentiam,
540 2205 689 2264 cujus
721 2201 867 2268 spem
893 2197 1087 2248 fecerat
1119 2200 1418 2250 Burmanni
1508 2236 1509 2239 η

141 2289 209 2340 de
238 2289 557 2340 Gibsoniana
582 2291 819 2342 editione
847 2289 1127 2353 judicium.
1205 2288 1293 2339 Est
1316 2290 1418 2356 igi-

143 2391 234 2431 tur
261 2361 509 2448 optabile,r
547 2393 609 2432 ut
639 2383 819 2432 denuo
857 2379 954 2429 fibi
987 2378 1159 2429 fumat
1184 2380 1290 2431 hoc
1322 2397 1417 2430 ne-

145 2473 280 2539 gotii
312 2474 503 2539 aliquis
536 2490 564 2521 e
595 2472 763 2523 doctis
793 2470 1258 2522 celeberrimarum
1292 2470 1418 2520 uni-

147 2561 452 2612 versitatum
503 2563 793 2629 (quoniam
832 2559 1132 2612 Ioannenfis
1177 2559 1251 2609 est
1291 2560 1419 2611 Col-

150 2652 278 2718 legii
321 2651 798 2720 Cantabrigienfis)
837 2633 994 2712 viris,
1053 2653 1150 2719 qui
1192 2650 1418 2718 diligen-
