1656 2990
269 209 299 254 6
429 210 501 254 M.
530 212 660 256 FAB.
689 213 903 272 QUINT.
932 211 1345 262 PROOEMIUM.

270 333 402 380 toria
414 330 723 397 scripseram,
743 338 844 394 jam
860 335 1089 381 emittere
1105 335 1416 400 inciperem:
1454 349 1575 382 nam

272 405 379 471 ipse
414 425 500 456 eos
539 409 780 457 nondum
812 408 929 468 satis
975 410 1223 474 opinabar
1251 406 1573 459 maturuisse:

275 483 466 545 quibus
513 484 912 548 componendis,
959 486 1039 533 uti
1088 484 1207 542 scis,
1253 485 1412 549 paulo
1455 485 1577 546 plus

276 565 434 621 quam
462 560 799 617 biennimns’
814 570 891 607 tot
924 562 1122 623 alioqui
1151 560 1371 624 negotiis
1409 557 1612 606 distri-2

278 643 413 688 ctus,
453 634 714 698 impendi:
757 635 902 697 quod
935 624 1138 698 ter'npus
1174 652 1284 683 non
1322 645 1426 681 tarn
1448 633 1581 689 stilo,

278 725 435 770 quam
457 708 784 772 inquisitioni
803 709 1023 756 instituti
1045 711 1214 773 operis
1236 725 1398 773 prope
1410 706 1585 755 infini-

279 785 334 837 ti,
366 794 414 829 et
438 783 668 846 legendis
687 786 1000 840 auctoribus,
1039 785 1132 848 qui
1151 783 1270 831 sunt
1288 787 1586 832 innumera-

250 857 438 914 2biles,
475 858 655 906 datum
690 858 773 906 est.
826 858 948 908 usus
975 859 1165 906 deinde
1198 852 1401 907 Horatii
1423 857 1585 906 conli-

279 933 381 988 lio,
422 935 515 995 qui
538 935 595 981 in
627 945 731 982 arte
756 935 955 1000 poetica
981 933 1187 992 suadet,
1232 951 1299 982 ne
1337 932 1587 1002 praecipi-

277 1016 417 1055 tetur
453 1008 630 1066 editio,

411 1160 481 1170 ·—-
510 1155 741 1197 nonumque
766 1152 979 1195 prematur
1008 1143 1053 1182 in
1082 1155 1259 1188 annum,

287 1256 470 1306 dabam
503 1262 566 1309 iis
600 1263 792 1318 otium,
840 1272 900 1308 ut
932 1259 1231 1323 refrigerato
1271 1258 1594 1307 inventionis

288 1349 484 1391 amore,
535 1337 835 1401 diligentius
880 1338 1125 1400 repetitos
1165 1345 1410 1397 tanquam
1435 1335 1598 1381 lector

257 1411 679 1472 zperpenderem.
758 1413 857 1461 Sed
892 1411 927 1459 fi
958 1421 1223 1474 tantopere
1245 1407 1600 1473 efflagitantur,

289 1501 447 1547 quam
484 1497 544 1534 tu
583 1487 822 1544 affirmas,
870 1487 1227 1551 permittamus
1259 1486 1378 1532 vela
1413 1483 1599 1551 ventis,

291 1570 342 1606 et
377 1578 519 1608 oram
553 1561 874 1611 solventibus
908 1563 1040 1609 bene
1079 1577 1366 1624 precemur.
1451 1559 1631 1606 Mul-3

289 1644 404 1683 tum
438 1647 609 1685 autem
642 1641 699 1687 in
737 1650 826 1687 tua
856 1652 1070 1702 quoque
1114 1633 1215 1682 fide
1250 1651 1305 1681 ac
1331 1634 1602 1698 diligentia

291 1710 516 1774 politum
556 1713 654 1771 elt,
721 1725 780 1762 ut
811 1715 868 1760 in
905 1728 1089 1759 manus
1129 1710 1411 1758 hominum
1444 1725 1602 1773 quam

292 1782 680 1837 emendatissimi
717 1807 751 1837 v
757 1791 943 1836 eniant.

338 1914 440 1964 fillo,
495 1917 684 1954 scribendi
702 1919 830 1954 labori,
870 1920 928 1954 De
969 1915 1146 1955 „trahunt
1174 1913 1297 1953 scalas,
1326 1926 1470 1963 orasque
1491 1923 1526 1948 et
1547 1926 1611 1948 an-

297 1972 473 2007 orntionis
503 1974 628 2010 indole
662 1976 758 2010 enim
772 1988 848 2010 non
873 1987 929 2009 co·
972 1983 1071 2005 COl'ssS
1098 1989 1146 1998 ⁹·
1169 1969 1421 2017 praecidunt.“
1473 1970 1607 2004 consu·

295 2027 499 2077 gitandum.
972 2026 1006 2060 le
1031 2025 1075 2059 ad
1106 2026 1166 2060 ista
1198 2023 1275 2058 loca
1297 2024 1609 2059 Drakenborchia-

974 2094 1057 2115 nam
1090 2080 1301 2115 editionem.
1369 2083 1460 2114 Item
1492 2079 1609 2114 noster

973 2136 998 2170 l.
1011 2142 1047 2182 4,
1070 2149 1098 2170 c.
1116 2146 1150 2173 2,
1173 2135 1203 2178 §.
1217 2141 1281 2180 4¹·
1314 2133 1488 2170 solvimus
1501 2147 1610 2173 oram,

352 2197 447 2219 oram
464 2184 693 2232 solventibus.
755 2187 863 2222 Oram
875 2187 930 2222 fu-
972 2204 1089 2238 neqne
1124 2190 1178 2224 ibi
1213 2190 1412 2236 quidquam
1445 2189 1611 2224 variatur

296 2250 378 2272 nem
401 2241 590 2275 nauticum
613 2243 702 2282 ess'e,
731 2255 804 2290 quo
828 2245 928 2278 navis
972 2246 1015 2281 ab
1037 2245 1130 2280 Aldo
1151 2254 1186 2278 et
1210 2244 1324 2279 Codd.
1379 2245 1474 2279 Soita
1491 2245 1538 2279 est
1550 2243 1612 2278 ob-

298 2294 488 2343 alligetur‚
514 2297 591 2330 satis
611 2308 757 2345 apparet
778 2311 822 2332 ex
843 2297 932 2334 locis
978 2301 1131 2336 servatio
1165 2300 1312 2334 Gesneri
1343 2299 1611 2338 in‹‘Thesaur0,

299 2349 469 2384 Livianis
489 2349 513 2384 l.
531 2361 593 2386 22.
625 2365 699 2400 cap.
720 2366 780 2400 ¹9·
819 2354 934 2392 „Vix-
978 2355 1099 2390 videti
1145 2356 1247 2389 nsum
1287 2354 1459 2390 vocabuli
1506 2355 1611 2389 fuiffe

301 2404 414 2443 „dum
466 2417 591 2440 omnes
645 2409 932 2447 conscenderant,
976 2410 1076 2458 plebi
1097 2420 1132 2444 et
1154 2410 1236 2456 ipsis
1246 2410 1367 2444 nantis
1381 2409 1611 2458 peculiarem,

301 2472 409 2498 „cum
435 2459 495 2494 alii
510 2461 676 2498 resolutis
690 2467 758 2498 oris
782 2465 935 2498 inanco-
978 2475 1020 2500 ut
1042 2474 1190 2512 propter
1212 2464 1249 2498 id
1273 2465 1390 2512 ipsum
1400 2466 1484 2502 effet
1495 2464 1612 2501 tax-ior

300 2526 381 2554 „ras
407 2515 639 2551 evel1untu1·“
652 2527 717 2553 cet.
750 2518 775 2554 l.
791 2527 854 2565 28,
871 2521 934 2564 36-
978 2521 1076 2568 apud
1096 2519 1300 2568 scriptores.

351 2104 386 2136 in
408 2113 483 2137 arte
503 2115 598 2151 poet.
627 2119 665 2140 v.
686 2111 778 2150 588.
