1656 2990
273 222 332 254 ιο
590 210 664 254 Μ.
694 211 824 255 FAB.
859 212 1267 270 QmNTI-‘LIANI

267 332 463 381 diendo
499 343 620 381 nato
647 344 798 391 tuo‚-
818 339 964 394 cujus
994 335 1160 398 prima
1195 344 1337 383 aetasx
1354 335 1608 387 manifest!

266 407 404 456 stum
425 410 522 456 iter
543 409 607 456 ad
630 410 829 473 ingenii
858 411 1038 457 lumen
1067 409 1313 468 ostendit,
1348 408 1458 459 nou
1483 413 1586 460 ‘ina-

266 485 422 532 utiles
453 483 567 532 fore
586 485 711 532 libri
730 485 1068 543 videbantur,
1108 502 1238 548 quos
1258 487 1320 534 ab
1350 485 1470 550 ipsis
1494 486 1576 534 di..

266 559 420 606 cendi
465 561 614 607 velut
657 561 1011 617 incunabulis,
1062 577 1154 625 per
1194 578 1398 619 omnes,
1442 578 1575 625 quae

263 635 425 683 modo
453 635 653 698 aliquid
675 636 868 683 oratori
890 634 1072 683 futuro
1095 635 1387 693 conferant,
1427 647 1574 694 artes,

264 708 329 756 ad
361 708 614 758 summam
641 713 751 769 ejus
784 711 954 774 oPeris
971 711 1254 774 perducere
1290 711 1576 760 destinaba-

228 801 408 845 7mus3
448 795 601 847 atque
623 802 685 833 eo
712 786 887 850 magis,
924 785 1071 849 quod
1098 787 1206 834 duo
1233 791 1335 847 jam
1363 781 1457 834 sub
1477 804 1576 836 no·-

261 861 405 907 mine
442 876 565 908 meo*
597 861 719 907 libri
755 859 1053 909 ferebantur
1103 863 1222 910 artis
1269 862 1572 919 rhetoricae,

260 951 434 1000 neque
469 935 598 982 editi
632 953 659 982 a
688 953 799 993 me,
838 954 1009 1001 neque
1041 938 1099 984 in
1133 938 1234 986 hoc
1276 937 1571 1001 comparati.

259 1010 506 1074 Namque
528 1012 772 1080 alterum,
811 1011 1046 1060 sermone
1067 1029 1162 1077 per
1186 1012 1411 1061 biduum
1427 1013 1573 1060 habi-

341 1129 437 1153 nato.
495 1119 639 1168 Negant
652 1129 772 1154 natum
798 1132 865 1167 pro
870 1120 957 1165 filio
977 1118 1019 1155 ab
1033 1120 1112 1155 aliis
1123 1133 1230 1167 quam
1244 1120 1363 1155 Poetis
1377 1119 1470 1160 diei3
1503 1122 1572 1154 Re-

259 1172 366 1223 gium
389 1183 508 1207 autem
532 1175 571 1207 in
592 1174 662 1208 suis
683 1174 725 1208 ad
747 1174 1014 1222 Quintilianum
1039 1176 1274 1222 problematis
1298 1175 1474 1221 (Dialogo
1500 1177 1571 1210 fine

258 1228 374 1262 dubio
399 1229 442 1262 de
454 1230 659 1277 quibusdam
682 1230 890 1279 Quintiliani
913 1232 1008 1267 locis,
1040 1231 1206 1266 Venetiis
1222 1237 1322 1277 1490
1341 1230 1469 1273 edito)
1495 1243 1571 1281 me·

257 1295 401 1318 morare
429 1284 611 1322 codicem,
643 1285 707 1319 ubi
731 1285 844 1319 Getae
865 1284 1002 1320 viderit
1022 1298 1091 1333 pro
1117 1297 1211 1324 nato,
1239 1285 1349 1320 refert
1381 1284 1570 1320 Pithoeus.

257 1338 424 1374 Debebat
441 1339 558 1373 saltem
571 1352 638 1386 pro
656 1340 768 1374 Getae
788 1339 893 1374 scribi
917 1340 1037 1378 Gallo,
1068 1340 1330 1386 quodibi-taire
1349 1351 1567 1388 corruptum

255 1394 371 1429 fuerit
393 1394 431 1427 in
440 1405 574 1441 gnato,
604 1406 699 1429 nato.
758 1395 804 1429 cf.
830 1409 867 1430 v.
901 1408 928 1430 c.
961 1396 1034 1430 Cic.
1055 1396 1099 1430 ad
1120 1397 1210 1431 Div.
1241 1410 1271 1434 1,
1295 1407 1331 1442 9.
1362 1395 1469 1431 Lent-
1486 1407 1568 1445 >tuo-

255 1449 344 1483 nost.
369 1449 405 1484 6,
446 1452 610 1484 Prooem.
632 1463 669 1497 9.
715 1449 784 1499 Qu.
812 1453 888 1485 mei.
945 1452 984 1484 Si
1013 1450 1107 1485 ullus
1144 1452 1235 1487 eod.
1265 1453 1462 1498 praeferret
1486 1452 1570 1491 hoc,

255 1517 364 1538 nemo
386 1504 488 1538 facile
511 1505 757 1545 contemta-iu
800 1518 1007 1552 quanquam
1030 1506 1074 1540 de
1097 1507 1161 1541 usu
1179 1505 1244 1542 illo
1271 1504 1335 1542 τοῦ
1356 1518 1457 1542 natus
1479 1520 1571 1542 non-

255 1560 322 1594 nili
345 1559 490 1607 poetico
512 1572 586 1593 non
609 1561 655 1595 est
675 1561 834 1594 confecta
857 1573 925 1595 res.

337 1614 558 1662 manifestum
577 1618 641 1650 iter
661 1617 709 1650 acl
733 1618 861 1662 ingenii
893 1617 1017 1651 lumen.
1073 1617 1162 1652 Non
1182 1615 1256 1650 fuit
1277 1615 1506 1652 observatum
1526 1617 1569 1652 in

253 1668 387 1705 Aldina
419 1671 568 1704 secunda
598 1672 802 1718 diligentius
834 1675 1031 1718 recognita,
1062 1682 1103 1706 ut
1134 1672 1290 1719 praefert
1322 1672 1450 1708 titulus
1482 1673 1570 1708 anni

258 1732 375 1767 1521,
408 1725 498 1758 effe:
526 1724 747 1773 manifest-um
762 1728 838 1770 jam
859 1729 989 1773 ingenii
1009 1729 1134 1765 lumen,
1165 1739 1247 1761 cum
1268 1726 1308 1760 iu
1327 1728 1450 1775 priore
1482 1729 1569 1763 anni

257 1787 361 1826 ²5¹4
383 1782 424 1814 fit
445 1791 595 1828 recepta.
653 1783 696 1815 In
715 1781 961 1815 Almelovenii
986 1782 1120 1817 Codice
1138 1781 1266 1819 itidem
1289 1797 1333 1817 m.
1364 1785 1494 1831 ingenii
1515 1785 1570 1819 lu·

251 1849 329 1870 men
353 1835 484 1870 omiffo
509 1838 573 1870 iter
593 1836 660 1874 ad,
687 1837 745 1870 sed
771 1839 912 1880 etjam,
941 1838 1041 1883 quod
1074 1849 1142 1885 pro
1167 1849 1209 1871 eo
1231 1838 1276 1872 est
1297 1838 1393 1886 apud
1414 1838 1567 1874 Aldum.

249 1891 427 1936 Apertior
469 1891 546 1925 sane
581 1901 617 1925 et
650 1891 845 1939 simplicior
873 1893 1041 1926 sententia
1074 1895 1145 1927 fine
1179 1892 1273 1927 istis:
1315 1896 1381 1928 iter
1406 1894 1476 1933 ad,
1505 1893 1565 1929 [ed

249 1955 467 1995 praegravat
498 1947 691 1982 auctoritas
725 1956 761 1981 et
790 1959 963 1981 numerus
994 1948 1108 1983 Codd.
1144 1957 1179 1982 et
1201 1950 1425 1983 excusorum.

334 2002 480 2036 dicendi.
540 2004 583 2035 In
609 2002 719 2048 hujus
750 2002 851 2043 vocis
873 2003 1048 2037 varietate
1076 2003 1232 2038 notanda
1261 2015 1389 2051 operae
1410 2002 1566 2040 'Gibsoni

249 2055 429 2090 ‘videntur‘
448 2057 584 2091 errass'e.
644 2059 739 2092 Cum
761 2058 855 2092 enim
880 2059 921 2092 fit
942 2058 979 2092 in
1001 2059 1078 2103 ejus
1102 2067 1227 2097 textu,
1257 2059 1356 2106 quod
1378 2060 1418 2094 in
1449 2061 1567 2095 omni-

249 2109 318 2145 bus
348 2111 424 2146 fere
453 2122 532 2146 ante
564 2125 670 2146 eum:
700 2113 855 2151 dicendi,
885 2124 1052 2161 excerpta
1073 2114 1111 2147 in
1133 2123 1296 2148 extremo
1320 2115 1482 2166 margine
1498 2126 1565 2164 po-

249 2167 311 2200 fita
331 2167 466 2201 iterum
489 2167 663 2202 exhibent
692 2168 828 2202 dicendi
842 2193 850 2205 ,
881 2178 923 2202 ut
946 2168 1132 2215 probabile
1155 2170 1235 2208 fiat,
1265 2182 1350 2204 eum
1374 2171 1477 2218 supra
1496 2183 1565 2206 vo-

245 2220 352 2256 luisse
381 2222 464 2256 dare
498 2222 662 2270 discendi.
718 2223 894 2257 Posterius
918 2223 1024 2258 habet
1057 2224 1243 2259 Gotlaanus
1262 2234 1316 2263 et,
1344 2226 1411 2260 nisi
1443 2225 1564 2264 fallor,
1632 2266 1635 2270 s

246 2276 436 2313 Vomanus
459 2278 653 2317 secundus,
682 2291 888 2326 quanquam
919 2279 1013 2325 apud
1045 2281 1171 2313 Burm.
1197 2280 1248 2313 ita
1270 2279 1462 2314 scribitur.-
1492 2280 1564 2328 dis-

246 2332 357 2370 cendi,
387 2327 523 2366 di'cemli
535 2334 631 2369 Voff.
654 2335 718 2368 sec.
746 2346 829 2368 cum
853 2342 971 2367 tamen
994 2335 1064 2381 ipse
1077 2334 1252 2381 receperit
1263 2337 1390 2369 Butm.
1413 2336 1565 2375 dicendi,

246 2386 295 2437 in-
305 2399 379 2433 quo
404 2399 564 2422 errorem
585 2389 797 2437 typothetae
811 2389 1004 2436 suspicatur
1018 2390 1205 2424 Gesnerus.
1262 2391 1312 2426 Ut
1334 2390 1476 2425 credam
1490 2390 1561 2440 dis-

300 2474 350 2508 ad
380 2477 511 2522 ingenii
539 2477 663 2511 lumen.
723 2477 779 2512 Ad
811 2477 883 2512 elo·
926 2480 1002 2517 „nii
1013 2477 1120 2525 ipfius
1144 2478 1258 2512 lumen
1276 2478 1323 2513 est
1349 2480 1559 2528 eloquentia.

245 2530 455 2576 quenti-mu
498 2534 653 2578 apposite
683 2533 780 2566 enim
817 2536 882 2567 Re·
923 2536 971 2567 Et
1006 2542 1124 2580 potest
1154 2533 1276 2567 videri
1305 2546 1347 2567 eo
1371 2537 1559 2584 respexiss'e

246 2585 328 2634 gius
362 2585 446 2620 citat
477 2587 663 2622 Ciceronis
694 2587 817 2622 locum
839 2588 877 2622 in
924 2588 1195 2635 Quintilianus,
1228 2591 1251 2622 fi
1269 2590 1379 2624 modo
1411 2585 1558 2628 sandest

243 2641 363 2674 Bruto
386 2652 416 2674 c.
446 2650 505 2684 15.
537 2644 612 2680 „Ut
634 2643 734 2677 enim
757 2644 878 2678 homi-
921 2644 1016 2693 apud
1036 2644 1156 2693 ipsum
1176 2644 1361 2694 [criptura.

243 2695 301 2731 nis
322 2696 453 2736 decus,
482 2697 693 2747 ingenium,
722 2701 767 2735 fic
780 2702 876 2748 inge-
