1656 2990
525 202 981 250 PRAEFATIO.
1304 215 1431 248 :cxxi

77 314 150 380 tas
188 345 302 380 non
341 325 682 396 praetermifi,
721 327 886 393 magis
920 337 1097 375 tamen
1130 312 1306 376 adhuc
1339 345 1428 377 oc-

75 431 296 487 cupatus
337 420 396 469 in
429 419 544 478 illa,
624 420 881 486 quoniam
914 418 1003 466 liic
1035 435 1149 467 non
1187 417 1287 466 nisi
1318 419 1425 467 exi-

71 527 232 578 guam
257 511 503 576 priorum
534 509 801 559 librorum
833 518 1035 574 partein
1059 509 1119 556 in
1149 505 1426 575 epitomen

69 600 219 652 suam
264 601 507 650 contulit.
624 601 707 649 Sic
757 598 1104 647 brevissimam
1153 598 1423 665 scriptoris

69 692 179 741 mei
220 691 535 756 particulam
583 707 610 738 a
653 689 883 739 Gedikio
925 692 983 738 V.
1028 689 1205 739 Celeb.
1248 690 1421 755 patrio

70 779 315 830 sermone
354 779 618 829 redditam
652 782 711 829 in
751 780 890 830 libro
924 780 1014 828 cui
1044 780 1264 829 titulum
1294 777 1422 827 fecit

68 869 454 920 Aristoteles
492 870 626 920 und
664 869 1000 928 Basedow,
1043 870 1294 919 comitem
1326 869 1421 917 lia-

68 960 166 1010 bui
203 960 397 1009 laboris
419 961 551 1017 mei,
590 958 706 1018 sed,
746 959 898 1025 quod
927 959 1190 1016 dolebam,
1227 976 1421 1024 parum

67 1048 395 1099 diuturnam.
433 1044 435 1046 ¹
475 1051 672 1099 Evolvi
693 1051 852 1098 etiam
874 1050 1106 1101 Italicam
1126 1039 1282 1097 Fabii‘
1299 1066 1413 1097 ver-

65 1138 283 1197 sionem,
303 1139 498 1189 editam
512 1140 762 1190 Vercellis
793 1158 813 1187 1
828 1153 936 1202 730
962 1157 990 1186 a
1011 1139 1251 1207 Gai-illio,
1274 1142 1418 1188 Tau-

63 1227 274 1294 rinenli,
312 1227 403 1278 sed
429 1231 535 1280 cito
563 1230 743 1292 abjeci,
786 1248 910 1279 cum
934 1247 1032 1287 eas,
1075 1246 1204 1294 quas
1225 1230 1416 1281 titulus

63 1320 428 1387 pollicebatur,
468 1331 618 1369 notas
641 1318 853 1370 nonnifi
877 1337 941 1369 ex
966 1320 1278 1385 vulgaribus
1301 1319 1415 1368 edi-

63 1410 306 1460 tionibus
338 1409 561 1459 corrasas
593 1410 861 1469 viderem,
900 1409 1236 1477 agnoscerem
1265 1427 1421 1471 vero,

62 1501 321 1566 imparem
349 1500 592 1567 profecto
621 1500 687 1549 ad
719 1501 823 1550 hoc
846 1519 982 1566 opus
1007 1499 1274 1559 acceffiffe,
1314 1501 1413 1566 qui

65 1593 373 1659 palmariam
396 1593 545 1640 illam
573 1590 1022 1658 Argentorateufis
1052 1591 1267 1642 Codicis
1288 1589 1413 1639 scri-

62 1692 276 1750 pturam
307 1695 370 1739 5,
415 1696 474 1742 7,
521 1698 614 1741 19,
666 1682 764 1731 ubi
800 1685 914 1731 Irus
951 1683 1264 1748 reponitur,
1313 1680 1412 1729 hac

62 1773 407 1822 annotatione
447 1769 768 1819 instruxisset
811 1771 985 1820 dicam
1030 1789 1097 1820 an
1138 1768 1412 1837 inquinas-

63 1861 162 1911 set:
205 1858 280 1934 „fi
304 1861 483 1910 crecz⁷e“
527 1862 584 1923 (o
616 1859 906 1926 simplicem
931 1872 1273 1918 narratorem,
1314 1862 1411 1926 qui

63 1953 280 2005 nullum
319 1950 479 2000 suum
518 1952 822 2016 interponat
853 1950 1176 2017 judiciuml)
1223 1950 1344 2009 „che
1373 1950 1412 2000 il

65 2037 228 2110 „testo
237 2038 329 2112 fia
334 2037 648 2112 scone-iatof‘
707 2041 926 2090 Adeone
950 2042 1226 2107 ignorabat
1245 2045 1410 2100 Irum,

65 2142 127 2181 ut
167 2133 305 2180 miro
358 2133 519 2200 ἑξμαίῳ
570 2129 807 2181 sanatum
856 2133 1039 2181 locum
1087 2133 1246 2181 etiam
1293 2149 1410 2181 cor-

62 2231 284 2287 ruptum
308 2220 557 2280 crederet,
599 2223 856 2288 quoniam
880 2221 1000 2270 sane
1032 2223 1409 2289 Capperonne-

62 2313 191 2369 rius,
231 2328 294 2359 ex
327 2327 437 2376 quo
473 2311 584 2363 fere
613 2311 833 2378 pendet,
874 2312 939 2361 ad
966 2316 1265 2362 Homerum
1294 2327 1408 2363 non

63 2401 352 2468 ablegabat,
393 2403 544 2468 quod
570 2401 735 2454 modo
759 2404 819 2452 in
845 2399 1080 2452 Thersite
1106 2400 1332 2454 fecerat?

178 2584 327 2633 Dum
357 2599 487 2632 vero
514 2583 760 2648 priorum
794 2583 852 2631 in
883 2581 1138 2650 scriptore
1175 2599 1298 2632 meo
1328 2598 1410 2630 er-

67 2687 215 2722 rores
243 2672 409 2721 libere
436 2683 585 2732 noto,
626 2691 741 2723 non
772 2672 892 2723 sum
914 2675 1130 2740 ignarus
1161 2682 1413 2739 quantam
