1656 2990
241 194 273 222 1.
328 180 338 190 '
670 176 1113 221 PRAEFATIO.

247 302 415 366 „cepit
444 316 506 347 ex
532 298 639 364 ipsa
668 300 837 350 Sancti
869 299 1002 346 Galli
1033 298 1396 350 bibliothecas*
1469 291 1558 348 'Vi-

249 389 430 438 demus
464 399 634 435 autem
660 387 845 443 modo,
891 385 1013 433 teste
1048 386 1412 452 Sulzbergero‚
1450 390 1560 436 Tu-

247 481 419 528 ricum
451 478 755 525 translatum
789 472 884 523 effe
915 474 1137 532 librum,
1204 476 1363 537 hujus
1399 475 1561 524 seculi

248 568 418 615 initio.
495 568 569 612 Ita
595 563 812 627 pulchre
838 563 1162 610 conveniunt
1195 565 1382 613 omnia.
1460 562 1560 612 Sed

250 654 412 704 obstat
458 651 657 700 summa
704 648 948 698 Bandinii
997 652 1269 698 auctoritas
1319 650 1561 706 testantis,

250 741 502 791 Codicem
542 740 695 785 illum
742 753 769 783 a
806 737 1002 801 Poggio
1043 737 1323 785 inventum
1371 737 1563 787 servari

248 831 307 876 in
342 829 534 892 pluteis
562 826 889 874 Florentinis.
969 826 1160 888 Neque
1191 826 1334 874 enim
1361 825 1564 875 dubitat

250 918 382 981 quin
414 917 500 964 hic
531 913 638 978 ipse
667 912 746 970 fit,
793 930 950 976 quem
979 912 1205 961 recenset
1229 915 1288 961 in
1315 897 1560 979 catalogo

249 1004 511 1055 Codicum
554 1004 862 1050 Latinorum
913 1001 1256 1050 bibliothecae
1294 993 1562 1050 Mediceae

247 1093 621 1140 Laurentianae
661 1094 719 1138 T.
751 1104 796 1136 2.
837 1106 885 1153 p.
910 1102 1032 1144 582.
1091 1091 1265 1138 Miror
1280 1100 1454 1137 *tamen
1486 1092 1563 1136 vi-

249 1195 370 1227 rum
407 1179 749 1226 doctissimum
783 1179 983 1226 nullam
1016 1176 1182 1225 facere
1214 1178 1416 1226 itineris
1449 1179 1562 1226 Ma-

247 1267 551 1323 billonizmi,
589 1267 647 1314 in
673 1283 841 1330 eoque
865 1267 1036 1322 illius,
1082 1283 1241 1329 quem
1273 1264 1436 1313 modo
1467 1281 1562 1329 po-

246 1353 353 1412 sui,
391 1356 495 1403 loci
530 1356 865 1402 mentionem.
945 1355 1086 1420 Quin
1115 1355 1257 1401 enim
1292 1352 1561 1401 undecimi

244 1441 406 1496 [ec-uli
445 1443 588 1503 (nam
614 1445 723 1500 ejus
751 1444 997 1506 temporis
1018 1439 1112 1488 effe
1138 1441 1562 1505 statuithibmm

246 1541 298 1578 et
327 1531 621 1594 exemplum
652 1530 914 1588 eiusdem,
966 1527 1330 1592 transcriptum
1364 1528 1560 1592 quinti-

246 1617 438 1666 decimi
464 1616 624 1664 seculi
646 1618 816 1675 initio,
854 1617 1017 1681 probe
1046 1615 1344 1681 dignoscere
1374 1626 1559 1680 potue-

243 1707 313 1754 rit
336 1705 646 1761 Bandinius‚
690 1722 848 1753 nemo
889 1705 1159 1752 dubitabit.
1237 1705 1443 1752 Nititur
1470 1721 1558 1751 au-

244 1803 351 1842 tem
391 1792 699 1842 Clarissimus
730 1793 1163 1840 Bibliothecarius
1204 1765 1402 1856 magnisr
1435 1806 1557 1854 pro-

242 1880 380 1930 fecto
414 1880 726 1929 auctoribus.
804 1881 1041 1928 Primum
1070 1880 1265 1942 Poggio
1295 1877 1423 1943 ipso,
1464 1877 1559 1940 qui

245 1970 402 2018 variis
445 1969 503 2015 in
540 1969 669 2015 locis
717 1969 919 2031 (neque
959 1977 1130 2014 tamen
1173 1983 1230 2014 ea
1270 1965 1556 2014 Bandinius

245 2053 507 2119 apposuit,
545 2070 715 2118 neque
752 2055 960 2118 citavit)
1001 2055 1323 2118 archetypon
1347 2053 1557 2121 Quinti-

243 2143 372 2190 liani
418 2143 477 2189 iu
522 2141 890 2190 bibliothecam
930 2141 1104 2191 Cosmi
1141 2141 1371 2190 Medicei
1408 2143 1458 2188 P.
1499 2143 1552 2187 P.

241 2227 391 2277 fuiffe
428 2230 632 2277 illatum
661 2229 893 2278 testetur:
946 2229 1152 2278 Deinde
1173 2228 1431 2292 Raphaele
1453 2229 1556 2274 Re-

243 2317 356 2380 gio,
415 2318 509 2380 qui
542 2318 667 2364 haec
709 2318 844 2366 dicat
873 2319 931 2364 in
967 2317 1103 2365 libro
1136 2314 1407 2380 inscripto:
1488 2317 1554 2367 Itz
1608 2316 1626 2320 “’

242 2404 479 2451 ducentas
540 2405 840 2476 Quintiliani
897 2406 1288 2467 depravationes
1341 2405 1553 2476 ducenta

238 2489 564 2538 Problemata
604 2494 744 2542 edito
783 2494 979 2541 Patavii
1013 2483 1112 2554 14}
1127 2510 1166 2539 1.
1224 2491 1399 2549 „Mihi
1419 2506 1547 2538 vero

237 2576 584 2643 „astipulatu1·,
622 2581 888 2630 vetustum
911 2579 1049 2629 illud
1075 2579 1356 2644 exemplar,
1402 2577 1545 2627 unde
