1656 2990
233 226 324 283 246
545 226 617 271 Μ.
650 226 780 271 FAB.
811 226 1214 287 QUINTILIANI
1628 264 1650 334 i·

198 347 595 399 7noviffimum?
669 350 778 399 Cur
806 365 915 396 non
943 346 1084 396 idem
1106 347 1376 396 suademus
1400 348 1528 411 agri·
1642 330 1647 355 ²

232 425 384 480 colis,
429 439 496 470 ne
525 439 645 470 arva
675 422 825 477 simul
861 433 910 469 et
943 423 1142 479 vineta,
1187 433 1236 470 et
1272 422 1429 478 oleas,
1481 432 1531 468 et

217 497 495 564 „arbustum
523 500 725 547 colant?
766 516 831 546 ne
854 500 1032 562 pratis,
1071 508 1120 544 et
1149 497 1443 562 pecoribus,
1483 506 1533 543 et

231 574 423 629 hortis,
472 583 523 620 et
568 574 854 621 alvearibus
900 573 1288 621 accommodent
1325 573 1533 619 curam?

231 647 343 697 Cur
374 646 469 711 ipfi
503 649 702 712 aliquid
731 647 1018 697 forensibus
1055 649 1298 711 negotiis,
1337 645 1536 714 aliquid

233 721 498 777 desideriis
535 725 841 781 amicorum,
887 723 1086 787 aliquid
1120 722 1404 770 rationibus
1442 720 1536 768 do-

231 797 481 855 mesticis,
534 799 734 863 aliquid
780 816 930 846 curae
984 800 1238 862 corporis,
1292 790 1538 845 nonnihil

231 873 589 937 voluptatibus
637 875 871 938 quotidie
910 874 1126 922 damus?
1183 888 1404 936 quarum
1443 887 1539 918 nos

231 965 339 996 una
372 966 451 997 res
483 951 742 1012 quaelibet
774 949 910 997 nihil
941 950 1332 997 intermittentes
1363 945 1540 1009 fatiga-

234 1033 325 1071 ret.
383 1024 528 1072 Adeo
551 1024 752 1073 facilius
781 1024 850 1072 est
870 1026 1031 1072 multa
1055 1023 1236 1079 facere,
1257 1038 1413 1086 quam
1431 1020 1536 1068 diu.

200 1099 374 1146 8lllud
397 1099 609 1162 quidem
628 1102 844 1148 minime
865 1099 1150 1148 verendum
1177 1097 1269 1153 est,
1306 1114 1371 1143 ne
1397 1096 1537 1143 labo·
1552 1112 1626 1141 222

232 1190 345 1221 rem
376 1173 674 1223 studiorum
703 1177 854 1239 pueri
882 1173 1140 1223 difficilius
1171 1174 1402 1220 tolerent.
1454 1188 1542 1217 ne·
1604 1232 1609 1241 ..

233 1265 337 1312 que
368 1251 509 1296 enim
535 1251 640 1298 ulla
665 1261 794 1298 aetas
813 1252 987 1297 minus
1006 1247 1259 1311 fatigatur.
1338 1247 1542 1296 blitum

234 1321 298 1370 [it
343 1323 580 1382 forsitam
631 1325 718 1372 fed
768 1325 1129 1389 experimentis
1176 1321 1540 1386 deprehendas.

201 1401 376 1447 9Nam
419 1410 468 1446 et
513 1399 762 1449 dociliora
802 1399 921 1448 sunt
962 1400 1192 1462 ingenia,
1240 1398 1579 1461 priusquam.

237 1474 616 1522 obduruerunt.
702 1475 763 1522 Id
794 1475 880 1522 vel
910 1475 1011 1524 hoc
1045 1482 1347 1538 argumento
1383 1481 1542 1535 patet,

237 1550 384 1615 quod
415 1551 551 1597 intra
580 1551 879 1606 biennium,
917 1566 1073 1613 quam
1101 1549 1256 1595 verba
1281 1557 1414 1594 recte
1436 1545 1543 1594 for-

233 1641 374 1673 mare
434 1635 742 1688 potuerunt,
809 1626 1045 1689 quamvis
1103 1623 1254 1671 nullo
1312 1621 1544 1677 instante,

235 1700 411 1748 omnia
428 1697 537 1747 fere
558 1702 875 1764 loquuntur:
917 1710 964 1747 at
986 1699 1199 1747 novitiis
1226 1696 1425 1753 nostris,
1452 1713 1546 1760 per

233 1785 365 1840 quot
394 1792 556 1824 annos
587 1775 753 1826 sermo
779 1776 992 1825 Latinus
1014 1774 1300 1838 repugnat?
1374 1772 1543 1836 Magis

313 1917 508 1951 alvearibus
529 1917 797 1953 accommodent.
841 1915 961 1952 Guelf.
975 1916 1044 1951 alv.
1066 1915 1251 1962 avibusque
1270 1926 1428 1948 accomm.
1459 1924 1543 1946 cum

235 1970 333 2007 Alm.
354 1971 461 2006 Bodl.
481 1972 605 2006 Turic.
629 1982 664 2006 et
686 1972 765 2006 edd.
788 1971 946 2009 Sichard.
969 1980 1003 2004 et
1024 1970 1164 2017 Gryph.
1222 1969 1346 2003 Potuit
1374 1966 1544 2003 facillime

236 2025 401 2060 excidere
422 2027 620 2075 avibusque.
650 2030 747 2062 Aves
767 2037 803 2062 et
823 2026 958 2063 aviaria
979 2028 1172 2064 aVarrone
1193 2035 1228 2059 et
1249 2021 1450 2062 Columella
1469 2033 1544 2056 non

235 2080 343 2117 semel
372 2092 632 2116 memorantur.

291 2181 361 2216 Cur
379 2193 448 2214 non
475 2180 576 2214 idem.
633 2179 762 2215 Malim
790 2181 864 2215 fere
922 2190 967 2219 2,
1004 2192 1051 2215 ιο
1083 2186 1118 2214 et
1149 2185 1220 2224 28,
1255 2178 1323 2223 16,
1359 2183 1418 2224 14.
1455 2178 1544 2212 item

237 2235 362 2273 iidem,
398 2233 460 2269 vel
489 2237 593 2275 item3
642 2248 724 2269 uam
763 2236 863 2274 idem,
920 2234 1165 2278 Tursellinum
1194 2236 1231 2268 in
1252 2246 1341 2268 voce
1361 2236 1462 2268 intra.

235 2289 532 2336 subsequentibus
546 2290 616 2325 istis
630 2304 670 2323 ne
683 2310 734 2316 —-
749 2305 865 2324 curam
975 2292 1114 2325 novitiis
1127 2310 1178 2317 -—
1191 2291 1354 2324 Latinus.
1386 2286 1545 2325 Noviffl,

237 2349 345 2392 (qnae
379 2345 460 2379 sunt
488 2345 560 2394 ipsa
591 2358 650 2383 ea,
680 2357 769 2391 quac
793 2347 866 2378 sua-
922 2346 1033 2382 servi,
1064 2357 1183 2379 recens
1203 2345 1309 2382 emti,
1333 2342 1546 2390 plerumque

237 2400 398 2441 dentur)
447 2399 578 2452 friget,
626 2400 691 2434 nili
743 2399 862 2434 fallor.
920 2400 1049 2435 Latine
1080 2400 1276 2434 nesciebant
1314 2398 1384 2442 (cf.
1416 2400 1547 2434 Varro-

239 2454 356 2490 Codd.
379 2453 492 2489 [ilc-nt.
919 2467 1003 2489 nem
1034 2455 1077 2488 de
1106 2457 1150 2490 L.
1171 2456 1214 2491 L.
1248 2467 1283 2502 p.
1306 2454 1386 2500 Rip.
1414 2455 1545 2496 105.);

919 2522 1124 2558 quanquam
1144 2522 1188 2543 ne
1216 2509 1244 2543 ii
1262 2509 1431 2556 quidem,
1461 2507 1546 2553 qui,

291 2567 383 2600 intra
401 2582 455 2591 -—
475 2578 590 2613 quam.
631 2565 784 2599 Tirones
803 2564 866 2598 ob·
921 2565 1128 2601 liberalibus
1151 2563 1273 2598 studiis
1295 2563 1450 2600 eruditi,
1477 2561 1547 2594 liu-
1611 2575 1618 2579 -“

237 2621 380 2655 servent
420 2633 523 2669 quam
561 2631 629 2667 pro
670 2619 864 2668 postquam,
922 2633 1028 2670 guam
1061 2620 1254 2656 callebant,
1292 2618 1459 2666 protinus
1489 2628 1547 2663 ap-

237 2674 314 2724 post
341 2687 534 2710 numerum
557 2675 700 2709 dietum
725 2675 784 2709 vel
809 2687 867 2708 :m-
923 2674 1080 2724 pellaudi
1109 2684 1210 2708 erant
1229 2682 1455 2721 veter-atores,
1483 2682 1570 2709 110·.

238 2741 385 2764 norum.
425 2730 470 2764 cf.
498 2730 583 2765 Liv.
612 2728 796 2764 Drakenb.
830 2730 865 2768 6,
922 2731 1020 2765 ruine
1039 2730 1094 2764 illi
1106 2731 1280 2779 opposito.
1305 2729 1402 2762 Haec
1420 2726 1548 2760 docent
