1656 2990
254 185 311 229 55
324 178 347 218 ἐ
561 174 634 221 Μ.
667 175 800 221 FAB.
837 173 1250 235 QUIN'rlLtANr

257 308 431 346 autem
457 297 646 346 harum
673 298 760 345 via
786 299 972 346 utilior
985 334 998 355 ,
1039 315 1159 346 cum
1184 299 1394 349 materia
1425 299 1555 349 deli-

255 373 574 420 berabimus:
617 371 746 420 dum
763 371 979 422 sciamus
1001 374 1220 437 gratiora
1239 371 1333 423 effe
1344 373 1558 423 audien-

257 447 420 502 tibus,
461 462 593 509 quae
617 445 755 495 solus
778 449 917 512 quis,
951 458 1037 496 aut
1054 450 1277 512 primus,
1314 458 1403 497 aut
1425 458 1559 496 certe

257 538 379 569 cum
408 523 586 585 paucis
611 519 780 570 fecisse
806 522 1032 571 dicetur:
1074 522 1111 571 fi
1145 523 1276 586 quid
1302 533 1562 587 praeterea

257 594 410 660 supra
459 594 601 659 spem
646 607 732 645 aut
781 599 1211 662 expectationem,
1287 599 1561 663 praecipue

205 670 407 734 ¹7quod
435 672 600 718 aliena
628 674 801 735 potius
830 671 999 730 causa,
1046 689 1202 735 quam
1228 671 1330 721 sua.
1407 677 1564 723 Tem-

258 762 385 809 pus,
446 746 590 809 quocl
626 745 784 794 finem
825 748 1061 796 hominis
1087 746 1428 810 insequitur,
1451 763 1565 796 non

260 819 461 885 semper
491 831 703 869 tractare
736 823 1015 886 contingit:
1059 839 1169 871 non
1194 821 1390 880 solum,
1419 821 1568 887 quod

262 896 499 943 viventes
524 897 805 960 aliquando
834 897 1104 946 laudamus
1120 934 1133 954 ‚
1171 897 1260 946 sed.
1287 897 1434 962 quod
1460 913 1572 945 rara

262 970 386 1021 haec
418 970 611 1020 occafio
641 971 740 1029 est,
773 983 833 1020 ut
853 971 1035 1020 referri
1062 971 1248 1036 poffint
1267 972 1448 1022 divini·
1468 973 1565 1021 ho·
1577 977 1656 1035 262

261 1062 439 1103 nores,
492 1056 543 1093 et
567 1046 795 1104 decreta,
836 1058 897 1095 ut
922 1048 1132 1111 publice
1150 1047 1351 1096 ‘statuae
1382 1045 1577 1096 consti-'
1649 1037 1656 1044 ⁵

206 1130 417 1168 ²8tutae.
493 1123 633 1168 Inter
655 1139 788 1186 quae
819 1123 1207 1171 numeraverim
1234 1124 1571 1188 ingeniorum

262 1206 619 1253 monumenta,
658 1213 792 1262 quae
810 1195 992 1245 seculis
1011 1198 1369 1261 probarentur.
1429 1199 1570 1245 Nam

264 1269 508 1334 quidam,
564 1270 699 1322 -ficut
733 1270 1050 1330 Menander,
1100 1272 1313 1334 Justiora
1341 1271 1570 1339 postero-

343 1441 381 1465 ut
403 1429 538 1478 referri.
596 1433 723 1467 Burm.
755 1434 793 1467 in
820 1433 917 1468 Alm.
949 1433 1056 1468 inseri
1085 1443 1206 1468 narrat
1234 1445 1336 1482 tupe,
1364 1432 1461 1480 quod
1482 1431 1574 1480 quid

263 1483 357 1520 velit
382 1486 412 1519 se
433 1496 606 1532 exputare
626 1496 745 1537 negat.
797 1488 978 1534 Equidem
997 1489 1035 1521 in
1049 1489 1171 1523 Turio.
1192 1489 1346 1523 invenio
1366 1486 1454 1530 tp'''e.
1491 1489 1574 1526 Jnm

266 1551 350 1574 cum
381 1549 479 1574 tauta
507 1541 603 1574 inter
629 1541 736 1575 hosce
758 1542 871 1578 Codd.
895 1542 1092 1576 intercedat
1114 1542 1310 1578 similitudo
1328 1550 1499 1590 quantam
1518 1542 1576 1589 vj·

266 1593 388 1629 dimus
415 1594 459 1629 ad
490 1605 536 1638 3,
567 1605 614 1638 3,
644 1603 668 1640 8
699 1597 850 1644 aliisque
878 1597 1005 1631 multis
1033 1596 1144 1636 locis,
1172 1597 1296 1634 nullus
1323 1597 1453 1633 dubito
1483 1595 1574 1644 quin

266 1649 565 1685 Almeloveniana
593 1651 766 1698 scriptura
795 1653 836 1686 fit
864 1652 984 1686 endem
1015 1664 1105 1698 quae
1126 1653 1338 1689 Turicenfis.
1397 1654 1577 1700 Compen-

267 1703 372 1738 dium
391 1714 512 1739 autem
537 1705 630 1740 istud
649 1706 746 1740 nihil
765 1706 863 1741 aliud
883 1707 1051 1758 significat
1068 1706 1133 1741 nifi
1157 1718 1320 1755 temporo,
1351 1720 1390 1742 ea
1406 1706 1577 1755 potestate
1642 1754 1646 1755 ⁷

267 1771 357 1805 quae
380 1759 475 1808 apud
495 1759 630 1794 multos
651 1762 837 1809 scriptores
853 1761 1000 1812 leo-itur
1029 1761 1229 1809 explicatur
1249 1772 1370 1797 autem
1391 1775 1410 1797 a
1426 1763 1576 1798 Donato

267 1813 312 1848 ad
333 1814 446 1848 Andr.
469 1820 515 1861 4,
544 1820 571 1862 4
601 1818 704 1858 (uon
729 1824 751 1859 5
780 1820 834 1851 ut
849 1792 926 1851 estD'
916 1830 955 1851 111
977 1815 1085 1851 fabri
1107 1816 1261 1861 Thes.,)
1295 1829 1356 1865 ¹9·
1409 1818 1491 1853 Hoc
1509 1828 1576 1852 vo·

269 1868 449 1908 cabuhun‚
480 1871 553 1908 etss,
582 1870 762 1910 omissum,
793 1884 1019 1919 nequaquam
1039 1870 1240 1906 defider'es
1229 1884 1267 1906 m
1287 1871 1324 1907 h.
1347 1871 1394 1910 1.,
1420 1873 1582 1921 positum

269 1932 390 1958 tamen
409 1937 483 1958 non
501 1925 569 1963 est,
600 1925 700 1971 quod
722 1926 916 1974 displiceat,
946 1929 969 1962 fi
989 1927 1236 1974 interpletaris
1256 1921 1464 1974 appot-time,
1481 1937 1580 1974 apte.

203 1981 208 1983 ’
270 1982 530 2018 convenienter,
557 1979 619 2014 vel
638 1981 747 2015 ctiam
770 1993 925 2021 mature,
949 1983 1128 2026 jamtum.
1169 1981 1214 2019 of.
1237 1982 1347 2017 etiam
1367 1983 1512 2019 Manut.
1533 1978 1578 2015 acl

271 2033 349 2070 Cic.
368 2034 477 2083 Epist.
501 2035 546 2069 ad
565 2033 657 2072 Div.
678 2048 715 2084 9,
747 2035 796 2072 ιδ
826 2039 1011 2085 temperius
1032 2037 1069 2071 id
1091 2036 1175 2084 fiae.

270 2175 431 2215 inducat,
449 2189 517 2225 pro
539 2189 638 2214 arunt
655 2177 798 2214 fortasse
817 2178 900 2214 scri·
953 2181 1084 2227 pofita.
1114 2178 1417 2227 „solus—prim.
1427 2198 1482 2207 —
1494 2189 1578 2214 eum

272 2231 432 2266 bendum
455 2243 566 2268 erant.
952 2241 1106 2282 ‚,pauc.“
1133 2247 1179 2269 ex
1199 2247 1232 2274 ι,
1246 2247 1282 2282 9,
1304 2240 1368 2280 58.
1392 2246 1430 2282 Ρ.
1419 2234 1578 2276 [Ἥκω.

323 2301 400 2322 cum
418 2298 538 2322 mater.
550 2288 823 2324 deliberabimus.
853 2287 898 2323 cf.
958 2298 1046 2333 175.

274 2346 310 2386 4,
342 2350 378 2380 2,
406 2354 494 2376 101.
522 2355 630 2382 „cum
647 2344 720 2392 ipsa
739 2364 793 2372 —-
812 2343 900 2379 deli·
1006 2355 1044 2379 ut
1071 2342 1205 2391 referri.
1261 2343 1340 2379 vid.
1359 2352 1438 2378 not.
1455 2341 1554 2380 Clit.

273 2396 498 2434 „herandum
517 2398 602 2432 est.“
633 2398 675 2434 it.
698 2405 735 2441 5,
759 2408 819 2442 15.
832 2406 898 2446 59.
1007 2399 1167 2436 decreta,
1207 2398 1248 2431 in
1276 2399 1455 2433 honorem
1491 2398 1581 2444 ejus,

278 2461 312 2494 7,
339 2463 399 2490 10,
426 2464 486 2486 ιω.
517 2465 554 2500 9,
575 2459 612 2499 4,
637 2466 652 2486 1
667 2463 724 2496 ι7.
956 2465 1064 2500 quem
1079 2452 1264 2488 laudamus
1276 2448 1501 2489 defunctum.
1523 2451 1582 2486 Sio

329 2507 448 2542 aliona
467 2527 521 2534 --
540 2521 645 2556 quam
665 2507 748 2556 sua.
804 2509 903 2542 Haeo
954 2509 1092 2543 senatus
1113 2508 1247 2542 dicitur
1258 2509 1437 2543 decernere
1454 2507 1582 2541 trium-

279 2571 324 2593 εκ
353 2561 541 2596 Aristotele
567 2576 599 2602 1,
631 2575 668 2611 9,
704 2563 751 2598 16
782 2562 902 2597 hausta
955 2563 1091 2610 phurn,
1124 2561 1437 2610 supplicationem,
1465 2562 1505 2596 iu
1523 2558 1583 2612 gi-

274 2624 379 2662 putat
410 2617 599 2654 Victotius
630 2617 674 2652 ad
700 2616 901 2653 Aristotelis
954 2630 1040 2653 nere
1059 2617 1231 2652 honores.

275 2669 468 2706 Rhetorica
493 2684 530 2721 p.
556 2679 644 2716 157.
669 2682 712 2708 ut
732 2682 768 2708 et
788 2671 901 2707 modo
1010 2672 1223 2709 Menander.
1268 2671 1313 2707 cf.
1343 2684 1414 2711 ιο.
1451 2683 1466 2705 1
1482 2693 1493 2708 .
1520 2677 1582 2714 72.-
