1656 2990
310 549 513 600 trahens
534 566 693 614 neque
713 551 895 597 virt-uti
923 565 1020 597 non
1031 544 1240 620 summa
1267 560 1496 615 quaeque
1520 552 1620 599 tri--

312 664 475 715 bueus.
549 664 718 715 Aliud
748 667 875 712 enim
907 661 986 732 eft
1019 663 1208 735 artifici
1240 669 1405 730 operis
1435 665 1612 715 limites

307 778 612 850 praefinire,
681 778 848 838 aliud,
917 781 1042 844 quid
1077 779 1261 830 homini
1294 792 1411 830 ante
1448 784 1614 832 omnia
1648 843 1656 854 „

306 892 622 968 propositum
645 891 748 968 effe
775 893 968 953 debeat,
1002 897 1279 946 decernere.
1327 952 1329 954 ,
1362 897 1468 970 Qui
1487 913 1614 946 vero

312 1030 421 1061 cum
441 1011 749 1085 Quintiliano
770 1011 1117 1076 eloquentiam,
1154 1029 1443 1078 omnemque
1463 1009 1617 1060 bona*-
1644 1067 1646 1070 y

313 1145 424 1178 rum
443 1127 706 1176 literarum
720 1125 1109 1198 praestantiam,
1145 1127 1210 1178 ab
1232 1144 1290 1178 eo
1312 1122 1481 1201 abeffe
1500 1123 1620 1195 fia·

287 1235 481 1302 *tuunt,
541 1247 592 1293 in
629 1263 728 1308 quo
769 1262 904 1294 mens
941 1261 1117 1308 prava
1157 1253 1436 1308 appareat,
1495 1244 1532 1290 ii
1567 1245 1618 1290 in
1647 1264 1650 1266 ’

314 1371 482 1409 artum
511 1376 609 1408 non
640 1376 759 1410 raro
793 1355 1123 1428 deferuntur,
1158 1377 1267 1408 cum
1288 1357 1620 1424 judicandum

315 1472 392 1543 est
411 1476 476 1523 de
499 1491 666 1539 opere,
703 1470 787 1522 ubi
800 1470 1059 1544 summum
1086 1479 1365 1545 ingenium,
1402 1470 1621 1546 exquisi-

315 1584 523 1661 tffmus
564 1591 758 1638 dicendi
797 1601 1028 1649 ornatus,
1081 1591 1308 1656 plurima
1341 1586 1623 1663 affectuum

314 1710 408 1764 vis,
447 1718 613 1774 agunt
632 1707 818 1755 malam
843 1702 1060 1777 causam.
1136 1709 1203 1757 In
1225 1724 1338 1755 eam
1357 1701 1625 1777 difficulta-

316 1834 415 1870 tem
438 1825 590 1870 etiam
614 1822 979 1895 Quintilianum
997 1840 1058 1871 no
1051 1819 1224 1890 st'rum
1244 1822 1364 1886 plus
1377 1815 1544 1893 semel
1556 1815 1625 1890 se

317 1933 555 2011 induiffe,
633 1948 684 1984 et
720 1938 865 1985 modo
905 1954 1014 1985 cum
1049 1938 1236 1986 decreti
1270 1928 1364 2008 sui
1399 1935 1626 2001 jactura,

287 2052 462 2102 'modo
512 2069 622 2099 cum
661 2055 827 2114 iniquo
867 2053 1082 2101 eximiae
1131 2052 1474 2116 eloquentiae,
1523 2043 1629 2122 secl

317 2171 455 2216 vitiis
467 2163 795 2244 inservientis,
814 2177 1057 2215 contemtu
1063 2163 1358 2240 fluctuaffe,
1376 2166 1627 2237 confiden-

320 2295 398 2330 ter
429 2284 655 2331 dixerim.
739 2282 928 2354 Quidni
944 2279 1228 2352 simplicius
1268 2280 1628 2352 confitebimur,

308 2395 565 2468 summam
595 2398 682 2445 vel
715 2400 764 2444 in
797 2394 942 2444 malis
971 2399 1219 2446 interdum
1246 2415 1502 2463 apparere
1541 2413 1629 2447 ar-

322 2524 422 2560 tem
431 2531 451 2572 ,·
490 2509 674 2560 habere
683 2507 840 2581 suam
871 2508 984 2583 ipsa
1010 2531 1208 2577 quoque
1239 2517 1371 2564 vitia
1395 2513 1628 2578 eloquen-

325 2630 447 2676 tiam
460 2644 480 2686 ‚·
526 2628 838 2687 iracundiae,
883 2629 1129 2687 invidiae,
1171 2625 1502 2701 perversitati
1528 2644 1627 2680 non
