1656 2990
310 234 406 283 608
634 229 708 274 Μ.
743 230 874 273 FAB.
912 229 1319 289 QUINTILIANI

309 349 599 418 gnoscentis
621 348 856 416 expediat
869 387 882 408 ,
919 349 1159 399 severum
1177 367 1242 397 an
1261 350 1456 407 mitem,
1492 343 1615 399 ebu-

311 429 524 475 citatum
561 444 624 474 an
666 424 957 483 remiss'um‚
1025 424 1298 474 adversum
1330 426 1517 489 gratiae
1551 442 1615 472 an

274 503 616 559 8 obnoxium.
687 502 874 565 Neque
903 501 1024 560 ideo
1051 511 1220 548 tamen
1250 500 1337 548 eos
1366 500 1618 565 probave-

307 580 426 633 rim,
469 579 563 640 qui
586 576 918 625 scribendum
939 594 1149 641 quoque
1171 576 1502 640 prooemium
1523 571 1618 623 uo-

307 651 501 701 vissime
531 662 729 717 putant.
827 654 966 700 Nam
998 663 1057 700 ut
1093 650 1319 699 conferri
1350 650 1618 698 materiam

309 744 551 785 omnem,
589 739 669 784 et,
714 727 847 792 quid
876 729 1065 791 cuique
1100 724 1156 773 fit
1185 742 1343 790 opu8,
1387 723 1618 778 constare

308 803 487 860 decet,
545 813 821 867 antequam
857 802 1028 850 dicere
1069 811 1158 850 aut
1193 800 1410 849 scribere
1449 798 1619 848 ordia-

306 894 463 926 mur:
524 880 594 926 ita
632 877 994 942 incipiendum
1015 878 1098 924 fab
1133 877 1222 933 iis,
1282 893 1412 939 quae
1453 875 1621 939 prima

272 952 440 1011 9sunt.
517 947 656 1001 Nam
680 971 775 1001 nec
792 955 1006 1018 pingere
1027 953 1299 1016 quisquam
1317 961 1407 998 aut
1426 947 1620 1014 fingere

309 1030 482 1093 coepit
507 1046 536 1075 a
564 1029 808 1093 pedibus:
858 1045 955 1076 nec
984 1023 1212 1090 denique
1245 1043 1324 1090 ars
1357 1026 1467 1074 ulla
1498 1041 1622 1072 con-

306 1103 597 1151 summatur
631 1105 729 1161 ibi,
780 1103 922 1152 unde
957 1101 1272 1151 ordiendum
1305 1099 1389 1148 est.
1479 1098 1623 1167 Quid.

307 1178 398 1227 fiet
433 1181 659 1243 alioqui,
713 1177 745 1226 [i
781 1178 1000 1242 spatium
1039 1175 1391 1241 componendi
1432 1176 1622 1224 oratio·
1652 1174 1654 1176 ’

305 1272 431 1304 nem
453 1254 574 1317 stilo*
594 1272 705 1303 non
727 1254 922 1302 fuerit?
962 1269 1140 1301 nonne
1157 1269 1253 1299 nos
1272 1252 1395 1298 haec
1418 1247 1621 1298 inversa

308 1328 631 1377 consuetudo
655 1328 952 1392 deceperit?
987 1325 1309 1390 Inspicienda
1328 1326 1492 1389 igitur
1515 1341 1621 1371 ma·-

306 1407 434 1452 teria
455 1403 549 1460 est,
590 1421 697 1467 quo
719 1403 1066 1468 praecipimus
1087 1401 1299 1459 ordine3
1339 1398 1622 1456 scribenda,

308 1496 414 1544 quo
448 1479 686 1532 dicimus.

280 1645 283 1649 .
393 1609 477 1634 mat.
503 1611 637 1633 omnem
667 1614 722 1624 —-
750 1596 858 1631 decet.
914 1596 1074 1644 Reposui
1105 1595 1316 1643 scripturam
1345 1605 1454 1642 quam
1482 1593 1521 1627 in
1540 1591 1626 1630 Val-

308 1652 396 1689 lenfi
414 1654 482 1688 effe
510 1662 631 1687 narrat
650 1652 803 1690 Badius,
841 1652 881 1686 in
909 1665 978 1699 qua
1003 1664 1078 1685 non
1099 1662 1248 1700 cogeret
1277 1649 1476 1696 quidquam
1503 1659 1622 1682 merae

307 1711 537 1756 conjecturae
556 1707 729 1742 nibuere.
788 1708 891 1742 Gesu.
915 1720 998 1741 cum
1026 1706 1194 1754 plurimis
1223 1719 1268 1740 m.
1299 1718 1331 1739 o.
1363 1713 1502 1750 oportet
1528 1717 1558 1736 e.
1586 1717 1618 1751 q.

307 1778 443 1814 quoque
465 1762 594 1811 locos.
614 1777 646 1797 ο.
668 1778 696 1797 c.
718 1763 838 1800 debet,
867 1762 911 1796 de
932 1763 1136 1807 conjectura
1156 1761 1280 1810 Regii,
1310 1759 1376 1806 qui
1405 1771 1462 1805 op.
1493 1767 1528 1792 et
1550 1758 1618 1792 loc.

305 1820 470 1858 innexuit,
498 1831 559 1865 qu(
551 1831 657 1852 orum
678 1829 876 1863 utrumque
896 1818 989 1851 abest
1009 1830 1026 1850 a
1050 1816 1165 1852 Codd.
1186 1815 1275 1849 meis
1295 1814 1512 1859 ceterisque,
1543 1813 1620 1860 opi-

305 1887 396 1914 nor,
430 1869 622 1914 (mnibus;
665 1885 871 1920 quanquam
903 1885 970 1907 nec
998 1871 1199 1907 Britannici
1223 1869 1338 1905 Codd.
1370 1869 1408 1902 in
1430 1878 1468 1902 to
1474 1877 1510 1902 to
1537 1867 1641 1912 loeo..

305 1941 577 1967 memorantur,
606 1941 671 1962 nec
692 1928 788 1964 Voss'.
816 1941 848 1962 1.
873 1937 907 1962 2.
937 1928 975 1961 in
1000 1937 1161 1974 oportet,
1199 1938 1265 1959 nec
1283 1923 1380 1960 Votr.
1403 1933 1438 1958 2.
1465 1923 1505 1958 in
1528 1921 1618 1958 loco.

306 1985 400 2020 Edd.
422 1995 503 2019 ante
528 1985 613 2019 Bad.
641 1996 764 2018 omnes
787 1984 923 2017 l'aciunt
942 1994 1024 2017 cum
1049 1981 1162 2018 Codd.
1186 1981 1395 2015 omittentes
1422 1979 1496 2013 duo
1515 1990 1620 2012 voca·

306 2039 392 2075 bula
416 2054 435 2074 a
458 2041 574 2089 Regio
596 2040 737 2077 inserta,
767 2049 802 2072 et
821 2052 955 2086 quoque
977 2037 1112 2075 dantes,
1140 2048 1215 2070 non
1237 2038 1369 2084 cuique,
1394 2034 1482 2069 item
1506 2033 1635 2071 debet„

306 2107 383 2130 non
413 2096 522 2130 decet.
578 2094 660 2129 ΑΜ.
694 2098 831 2140 (quem
860 2106 934 2128 non
965 2094 1078 2143 magis
1102 2103 1208 2138 quam
1231 2092 1407 2128 Venetam
1430 2097 1619 2126 memorat,

307 2151 373 2198 qui
401 2149 625 2188 conferebat,
655 2149 751 2184 Gibr.
762 2151 780 2193 )
807 2151 910 2187 hez,
915 2159 965 2186 ,ut
982 2161 1050 2197 quo
1059 2147 1160 2195 ferre
1181 2160 1225 2181 m.
1247 2154 1408 2192 oporteat
1430 2158 1458 2179 e.
1482 2160 1514 2191 q.
1537 2155 1621 2191 quo-

306 2219 397 2255 „que
419 2205 452 2253 s.
484 2218 517 2240 ο.
550 2219 578 2239 c.
611 2205 748 2239 alehem
795 2204 883 2238 Bad.
905 2204 976 2251 ipse
995 2203 1169 2240 nostram,
1198 2201 1262 2234 nisi
1282 2199 1381 2247 quod
1401 2199 1502 2234 debet
1521 2210 1621 2246 prae·

306 2262 398 2299 fert,
427 2273 502 2295 non
522 2261 582 2294 εἰει
577 2270 642 2299 et‚·
670 2260 825 2293 dubium
853 2259 972 2297 enim,
1003 2258 1074 2296 ait,
1106 2256 1185 2295 effe,
1215 2265 1344 2290 utrum
1363 2255 1495 2289 horum
1519 2255 1559 2287 fit
1580 2253 1619 2286 in

309 2315 400 2352 cod.
486 2317 568 2365 Neg
557 2325 606 2348 rat
637 2325 756 2348 autem
793 2314 992 2360 quidquam
1023 2312 1108 2347 addi
1138 2310 1267 2345 debere
1297 2310 1334 2344 in
1364 2309 1430 2344 hac
1458 2308 1618 2348 ratione;

306 2381 401 2406 recte
422 2370 504 2409 ille,
534 2370 645 2404 modo
667 2369 764 2404 dacet
794 2369 984 2416 [cripsiffet.
1043 2371 1116 2403 Sec.
1146 2366 1200 2400 ed.
1219 2365 1306 2401 Bad.
1330 2363 1437 2399 habet
1457 2374 1620 2398 commu-

305 2439 389 2461 nem
410 2426 574 2461 omuium
588 2426 819 2486 scripturam,
849 2437 957 2470 quam
978 2423 1057 2458 dixi
1077 2422 1143 2457 effe
1161 2420 1255 2482 apud
1277 2421 1380 2455 Gefn.
1401 2428 1437 2453 et
1456 2420 1502 2453 fic
1521 2417 1619 2452 dein-

306 2494 388 2529 ceps
408 2493 554 2515 omnes:
585 2480 623 2513 iu
642 2492 712 2526 qua
725 2505 734 2516 ‚
764 2489 905 2527 praeter
928 2479 1106 2513 rationem
1125 2476 1309 2514 criticam,
1334 2473 1499 2522 displicet
1517 2485 1617 2520 opot-

306 2547 358 2571 ιω
375 2537 488 2573 debet,
515 2537 611 2582 quafi
635 2547 717 2568 cum
737 2534 855 2581 aliqua
877 2533 1102 2568 discernendi
1124 2531 1348 2565 affectatione
1367 2530 1538 2578 positum.

394 2593 490 2627 ,Nam
511 2604 582 2626 nec.
640 2590 764 2625 Turio.
795 2591 953 2638 Namque
982 2600 1064 2625 cum
1086 2586 1204 2625 Alm.,
1241 2584 1345 2620 male.

363 2691 617 2738 praecipimus,
663 2701 738 2723 non
757 2675 801 2722 a¹d
823 2686 937 2722 solum
996 2698 1078 2720 curn
1090 2685 1258 2722 Gesnero,
1285 2694 1414 2718 verum
1433 2681 1476 2716 ad
1497 2690 1621 2716 omnes

312 2744 581 2790 Quintilianum
627 2743 698 2779 hoc
736 2742 939 2781 retulerim,
995 2742 1204 2789 quicunque
1243 2738 1492 2787 praecipiunt,
1546 2746 1619 2783 quo
