<?xml version="1.0" encoding="UTF-8"?>
<!DOCTYPE html PUBLIC "-//W3C//DTD XHTML 1.0 Transitional//EN"
    "http://www.w3.org/TR/xhtml1/DTD/xhtml1-transitional.dtd">
<html xmlns="http://www.w3.org/1999/xhtml" xml:lang="en" lang="en">
 <head>
  <title>
</title>
<meta http-equiv="Content-Type" content="text/html;charset=utf-8" />
  <meta name='ocr-system' content='tesseract 3.04.00' />
  <meta name='ocr-capabilities' content='ocr_page ocr_carea ocr_par ocr_line ocrx_word'/>
</head>
<body>
  <div class='ocr_page' id='page_1' title='image "./deinstitutioneor01quinuoft_0474.png"; bbox 0 0 1656 2990; ppageno 0'>
   <div class='ocr_carea' id='block_1_1' title="bbox 235 238 333 282">
    <p class='ocr_par' dir='ltr' id='par_1_1' title="bbox 235 238 333 282">
     <span class='ocr_line' id='line_1_1' title="bbox 235 238 333 282; baseline -0.01 0"><span class='ocrx_word' id='word_1_1' title='bbox 235 238 333 282; x_wconf 80' lang='lat'>380</span> 
     </span>
    </p>
   </div>
   <div class='ocr_carea' id='block_1_2' title="bbox 544 224 1302 285">
    <p class='ocr_par' dir='ltr' id='par_1_2' title="bbox 544 224 1302 285">
     <span class='ocr_line' id='line_1_2' title="bbox 544 224 1302 285; baseline -0.001 -15"><span class='ocrx_word' id='word_1_2' title='bbox 544 224 618 270; x_wconf 86' lang='grc' dir='ltr'>Μ.</span> <span class='ocrx_word' id='word_1_3' title='bbox 647 225 782 270; x_wconf 78' lang='lat' dir='ltr'><strong>FAB.</strong></span> <span class='ocrx_word' id='word_1_4' title='bbox 817 225 1225 285; x_wconf 64' lang='lat' dir='ltr'><strong>QUINTlLIANI</strong></span> <span class='ocrx_word' id='word_1_5' title='bbox 1266 260 1276 270; x_wconf 77' lang='grc'>,,</span> <span class='ocrx_word' id='word_1_6' title='bbox 1288 230 1302 269; x_wconf 77' lang='grc' dir='ltr'>ῑ·</span> 
     </span>
    </p>
   </div>
   <div class='ocr_carea' id='block_1_3' title="bbox 173 346 1542 708">
    <p class='ocr_par' dir='ltr' id='par_1_3' title="bbox 173 346 1542 708">
     <span class='ocr_line' id='line_1_3' title="bbox 234 346 1541 413; baseline 0.002 -16"><span class='ocrx_word' id='word_1_7' title='bbox 234 349 412 398; x_wconf 80' lang='lat' dir='ltr'>vocari</span> <span class='ocrx_word' id='word_1_8' title='bbox 449 347 601 396; x_wconf 87' lang='lat' dir='ltr'>debet</span> <span class='ocrx_word' id='word_1_9' title='bbox 638 346 804 398; x_wconf 80' lang='lat' dir='ltr'>sermo</span> <span class='ocrx_word' id='word_1_10' title='bbox 846 349 1176 413; x_wconf 86' lang='lat' dir='ltr'>quicunque,</span> <span class='ocrx_word' id='word_1_11' title='bbox 1215 346 1374 398; x_wconf 18' lang='lat' dir='ltr'>rfuiffe</span> <span class='ocrx_word' id='word_1_12' title='bbox 1413 366 1541 410; x_wconf 81' lang='lat' dir='ltr'>eam,</span> 
     </span>
     <span class='ocr_line' id='line_1_4' title="bbox 173 420 1540 488; baseline 0.001 -16"><span class='ocrx_word' id='word_1_13' title='bbox 173 443 219 466; x_wconf 79' lang='lat' dir='ltr'>n</span> <span class='ocrx_word' id='word_1_14' title='bbox 235 436 507 488; x_wconf 85' lang='lat' dir='ltr'>antequam</span> <span class='ocrx_word' id='word_1_15' title='bbox 541 420 658 470; x_wconf 82' lang='lat' dir='ltr'>effet</span> <span class='ocrx_word' id='word_1_16' title='bbox 694 440 796 480; x_wconf 86' lang='lat' dir='ltr'>ars,</span> <span class='ocrx_word' id='word_1_17' title='bbox 835 422 1145 482; x_wconf 85' lang='lat' dir='ltr'>confitebor;</span> <span class='ocrx_word' id='word_1_18' title='bbox 1193 422 1229 471; x_wconf 82' lang='lat' dir='ltr'><strong>fi</strong></span> <span class='ocrx_word' id='word_1_19' title='bbox 1260 441 1386 473; x_wconf 85' lang='lat' dir='ltr'>vero</span> <span class='ocrx_word' id='word_1_20' title='bbox 1415 442 1540 484; x_wconf 88' lang='lat' dir='ltr'>non,</span> 
     </span>
     <span class='ocr_line' id='line_1_5' title="bbox 213 499 1540 564; baseline 0.001 -17"><span class='ocrx_word' id='word_1_21' title='bbox 213 500 472 564; x_wconf 65' lang='lat' dir='ltr'>quisquis</span> <span class='ocrx_word' id='word_1_22' title='bbox 497 500 758 562; x_wconf 74' lang='lat' dir='ltr'>loquitur,</span> <span class='ocrx_word' id='word_1_23' title='bbox 792 511 966 547; x_wconf 85' lang='lat' dir='ltr'>orator</span> <span class='ocrx_word' id='word_1_24' title='bbox 988 499 1059 547; x_wconf 88' lang='lat' dir='ltr'>est</span> <span class='ocrx_word' id='word_1_25' title='bbox 1087 510 1138 547; x_wconf 90' lang='lat' dir='ltr'>et</span> <span class='ocrx_word' id='word_1_26' title='bbox 1158 510 1273 548; x_wconf 87' lang='lat' dir='ltr'>tum</span> <span class='ocrx_word' id='word_1_27' title='bbox 1293 517 1404 548; x_wconf 87' lang='lat' dir='ltr'>non</span> <span class='ocrx_word' id='word_1_28' title='bbox 1429 510 1540 549; x_wconf 86' lang='lat' dir='ltr'>tan-</span> 
     </span>
     <span class='ocr_line' id='line_1_6' title="bbox 233 573 1542 638; baseline 0 -16"><span class='ocrx_word' id='word_1_29' title='bbox 233 591 393 638; x_wconf 80' lang='lat' dir='ltr'>quam</span> <span class='ocrx_word' id='word_1_30' title='bbox 417 585 645 623; x_wconf 83' lang='lat' dir='ltr'>oratores</span> <span class='ocrx_word' id='word_1_31' title='bbox 668 575 1041 638; x_wconf 82' lang='lat' dir='ltr'>loquebantur,</span> <span class='ocrx_word' id='word_1_32' title='bbox 1078 573 1271 623; x_wconf 83' lang='lat' dir='ltr'>neceffe</span> <span class='ocrx_word' id='word_1_33' title='bbox 1294 573 1389 632; x_wconf 84' lang='lat' dir='ltr'>est,</span> <span class='ocrx_word' id='word_1_34' title='bbox 1429 592 1542 624; x_wconf 85' lang='lat' dir='ltr'>ora-</span> 
     </span>
     <span class='ocr_line' id='line_1_7' title="bbox 231 648 1542 708; baseline 0.002 -12"><span class='ocrx_word' id='word_1_35' title='bbox 231 660 401 698; x_wconf 84' lang='lat' dir='ltr'><strong>torem</strong></span> <span class='ocrx_word' id='word_1_36' title='bbox 430 648 626 699; x_wconf 84' lang='lat' dir='ltr'>factum</span> <span class='ocrx_word' id='word_1_37' title='bbox 655 661 786 707; x_wconf 83' lang='lat' dir='ltr'>arte,</span> <span class='ocrx_word' id='word_1_38' title='bbox 822 668 916 698; x_wconf 90' lang='lat' dir='ltr'>nec</span> <span class='ocrx_word' id='word_1_39' title='bbox 938 661 1052 698; x_wconf 82' lang='lat' dir='ltr'>ante</span> <span class='ocrx_word' id='word_1_40' title='bbox 1076 661 1236 699; x_wconf 82' lang='lat' dir='ltr'>artem</span> <span class='ocrx_word' id='word_1_41' title='bbox 1257 648 1430 708; x_wconf 82' lang='lat' dir='ltr'>fuiffe,</span> <span class='ocrx_word' id='word_1_42' title='bbox 1466 649 1542 698; x_wconf 84' lang='lat' dir='ltr'><strong>fa·-</strong></span> 
     </span>
    </p>
   </div>
   <div class='ocr_carea' id='block_1_4' title="bbox 231 735 449 773">
    <p class='ocr_par' dir='ltr' id='par_1_4' title="bbox 231 735 449 773">
     <span class='ocr_line' id='line_1_8' title="bbox 231 735 449 773; baseline 0 -1"><span class='ocrx_word' id='word_1_43' title='bbox 231 735 449 773; x_wconf 83' lang='lat' dir='ltr'>teantur.</span> 
     </span>
    </p>
   </div>
   <div class='ocr_carea' id='block_1_5' title="bbox 169 875 653 1000">
    <p class='ocr_par' dir='ltr' id='par_1_5' title="bbox 169 875 653 1000">
     <span class='ocr_line' id='line_1_9' title="bbox 228 875 638 925; baseline 0.005 -2"><span class='ocrx_word' id='word_1_44' title='bbox 228 892 339 923; x_wconf 89' lang='lat' dir='ltr'>non</span> <span class='ocrx_word' id='word_1_45' title='bbox 371 875 638 925; x_wconf 83' lang='lat' dir='ltr'>didicerit:</span> 
     </span>
     <span class='ocr_line' id='line_1_10' title="bbox 169 950 653 1000; baseline 0.002 -1"><span class='ocrx_word' id='word_1_46' title='bbox 169 969 218 994; x_wconf 78' lang='lat'>²2</span> <span class='ocrx_word' id='word_1_47' title='bbox 229 968 339 999; x_wconf 90' lang='lat' dir='ltr'>non</span> <span class='ocrx_word' id='word_1_48' title='bbox 361 950 653 1000; x_wconf 81' lang='lat' dir='ltr'>didicerint.</span> 
     </span>
    </p>
   </div>
   <div class='ocr_carea' id='block_1_6' title="bbox 231 725 1607 1013">
    <p class='ocr_par' dir='ltr' id='par_1_6' title="bbox 231 725 1542 940">
     <span class='ocr_line' id='line_1_11' title="bbox 527 725 1542 794; baseline 0 -20"><span class='ocrx_word' id='word_1_49' title='bbox 527 730 646 794; x_wconf 83' lang='lat' dir='ltr'>Quo</span> <span class='ocrx_word' id='word_1_50' title='bbox 669 725 804 774; x_wconf 87' lang='lat' dir='ltr'>illud</span> <span class='ocrx_word' id='word_1_51' title='bbox 827 744 1040 790; x_wconf 90' lang='lat' dir='ltr'>quoque</span> <span class='ocrx_word' id='word_1_52' title='bbox 1062 725 1371 784; x_wconf 84' lang='lat' dir='ltr'>excluditur,</span> <span class='ocrx_word' id='word_1_53' title='bbox 1395 725 1542 790; x_wconf 88' lang='lat' dir='ltr'>quod</span> 
     </span>
     <span class='ocr_line' id='line_1_12' title="bbox 231 799 1395 867; baseline 0 -19"><span class='ocrx_word' id='word_1_54' title='bbox 231 799 439 857; x_wconf 82' lang='lat' dir='ltr'>dicunt,</span> <span class='ocrx_word' id='word_1_55' title='bbox 486 817 598 861; x_wconf 82' lang='lat' dir='ltr'>non</span> <span class='ocrx_word' id='word_1_56' title='bbox 631 799 726 849; x_wconf 82' lang='lat' dir='ltr'>effe</span> <span class='ocrx_word' id='word_1_57' title='bbox 759 803 876 850; x_wconf 84' lang='lat' dir='ltr'>artis</span> <span class='ocrx_word' id='word_1_58' title='bbox 910 802 990 859; x_wconf 90' lang='lat' dir='ltr'>id,</span> <span class='ocrx_word' id='word_1_59' title='bbox 1039 801 1187 867; x_wconf 89' lang='lat' dir='ltr'>quod</span> <span class='ocrx_word' id='word_1_60' title='bbox 1222 799 1395 858; x_wconf 82' lang='lat' dir='ltr'>faciat,</span> 
     </span>
     <span class='ocr_line' id='line_1_13' title="bbox 690 876 1542 940; baseline -0.001 -15"><span class='ocrx_word' id='word_1_61' title='bbox 690 877 858 925; x_wconf 85' lang='lat' dir='ltr'>dicere</span> <span class='ocrx_word' id='word_1_62' title='bbox 889 888 1058 926; x_wconf 82' lang='lat' dir='ltr'>autem</span> <span class='ocrx_word' id='word_1_63' title='bbox 1089 878 1329 926; x_wconf 85' lang='lat' dir='ltr'>homines</span> <span class='ocrx_word' id='word_1_64' title='bbox 1359 887 1409 924; x_wconf 86' lang='lat' dir='ltr'>et</span> <span class='ocrx_word' id='word_1_65' title='bbox 1446 876 1542 940; x_wconf 83' lang='lat' dir='ltr'>qui</span> 
     </span>
    </p>

    <p class='ocr_par' dir='ltr' id='par_1_7' title="bbox 729 951 1607 1013">
     <span class='ocr_line' id='line_1_14' title="bbox 729 951 1607 1013; baseline 0 -13"><span class='ocrx_word' id='word_1_66' title='bbox 729 953 810 1001; x_wconf 90' lang='lat' dir='ltr'>Ad</span> <span class='ocrx_word' id='word_1_67' title='bbox 829 956 973 1013; x_wconf 87' lang='lat' dir='ltr'>cujus</span> <span class='ocrx_word' id='word_1_68' title='bbox 994 955 1072 1001; x_wconf 92' lang='lat' dir='ltr'>rei</span> <span class='ocrx_word' id='word_1_69' title='bbox 1093 951 1542 1002; x_wconf 84' lang='lat' dir='ltr'>confirmationem</span> <span class='ocrx_word' id='word_1_70' title='bbox 1604 969 1607 974; x_wconf 72' lang='grc'><em>’</em></span> 
     </span>
    </p>
   </div>
   <div class='ocr_carea' id='block_1_7' title="bbox 1446 802 1542 865">
    <p class='ocr_par' dir='ltr' id='par_1_8' title="bbox 1446 802 1542 865">
     <span class='ocr_line' id='line_1_15' title="bbox 1446 802 1542 865; baseline 0 -15"><span class='ocrx_word' id='word_1_71' title='bbox 1446 802 1542 865; x_wconf 85' lang='lat' dir='ltr'>qui</span> 
     </span>
    </p>
   </div>
   <div class='ocr_carea' id='block_1_8' title="bbox 227 1023 1542 1093">
    <p class='ocr_par' dir='ltr' id='par_1_9' title="bbox 227 1023 1542 1093">
     <span class='ocr_line' id='line_1_16' title="bbox 227 1023 1542 1093; baseline 0.002 -21"><span class='ocrx_word' id='word_1_72' title='bbox 227 1023 474 1083; x_wconf 85' lang='lat' dir='ltr'>afferunt,</span> <span class='ocrx_word' id='word_1_73' title='bbox 509 1027 804 1086; x_wconf 85' lang='lat' dir='ltr'>Demaden,</span> <span class='ocrx_word' id='word_1_74' title='bbox 843 1030 1118 1093; x_wconf 80' lang='lat' dir='ltr'>remigem,</span> <span class='ocrx_word' id='word_1_75' title='bbox 1150 1039 1200 1076; x_wconf 87' lang='lat' dir='ltr'>et</span> <span class='ocrx_word' id='word_1_76' title='bbox 1220 1026 1542 1084; x_wconf 86' lang='lat' dir='ltr'>Aeschinem,</span> 
     </span>
    </p>
   </div>
   <div class='ocr_carea' id='block_1_9' title="bbox 224 1102 1015 1166">
    <p class='ocr_par' dir='ltr' id='par_1_10' title="bbox 224 1102 1015 1166">
     <span class='ocr_line' id='line_1_17' title="bbox 224 1102 1015 1166; baseline 0.003 -16"><span class='ocrx_word' id='word_1_77' title='bbox 224 1102 565 1166; x_wconf 81' lang='lat' dir='ltr'>hypocriten,</span> <span class='ocrx_word' id='word_1_78' title='bbox 605 1114 832 1152; x_wconf 86' lang='lat' dir='ltr'>oratores</span> <span class='ocrx_word' id='word_1_79' title='bbox 854 1103 1015 1152; x_wconf 82' lang='lat' dir='ltr'>fuiss&#39;e.</span> 
     </span>
    </p>
   </div>
   <div class='ocr_carea' id='block_1_10' title="bbox 1095 1102 1540 1152">
    <p class='ocr_par' dir='ltr' id='par_1_11' title="bbox 1095 1102 1540 1152">
     <span class='ocr_line' id='line_1_18' title="bbox 1095 1102 1540 1152; baseline -0.007 0"><span class='ocrx_word' id='word_1_80' title='bbox 1095 1102 1237 1152; x_wconf 83' lang='lat' dir='ltr'>Falso</span> <span class='ocrx_word' id='word_1_81' title='bbox 1252 1119 1264 1151; x_wconf 92' lang='lat'>:</span> <span class='ocrx_word' id='word_1_82' title='bbox 1306 1119 1428 1150; x_wconf 81' lang='lat' dir='ltr'>nam</span> <span class='ocrx_word' id='word_1_83' title='bbox 1447 1118 1540 1150; x_wconf 88' lang='lat' dir='ltr'>ne-</span> 
     </span>
    </p>
   </div>
   <div class='ocr_carea' id='block_1_11' title="bbox 220 1176 1539 1470">
    <p class='ocr_par' dir='ltr' id='par_1_12' title="bbox 220 1176 1539 1470">
     <span class='ocr_line' id='line_1_19' title="bbox 225 1176 1538 1243; baseline -0.001 -18"><span class='ocrx_word' id='word_1_84' title='bbox 225 1194 328 1240; x_wconf 88' lang='lat' dir='ltr'>que</span> <span class='ocrx_word' id='word_1_85' title='bbox 367 1189 540 1226; x_wconf 81' lang='lat' dir='ltr'>orator</span> <span class='ocrx_word' id='word_1_86' title='bbox 575 1177 695 1236; x_wconf 85' lang='lat' dir='ltr'>effe,</span> <span class='ocrx_word' id='word_1_87' title='bbox 733 1181 824 1243; x_wconf 89' lang='lat' dir='ltr'>qui</span> <span class='ocrx_word' id='word_1_88' title='bbox 855 1197 966 1228; x_wconf 89' lang='lat' dir='ltr'>non</span> <span class='ocrx_word' id='word_1_89' title='bbox 1002 1179 1213 1235; x_wconf 84' lang='lat' dir='ltr'>didicit,</span> <span class='ocrx_word' id='word_1_90' title='bbox 1250 1176 1439 1242; x_wconf 79' lang='lat' dir='ltr'>potest:</span> <span class='ocrx_word' id='word_1_91' title='bbox 1487 1186 1538 1224; x_wconf 87' lang='lat' dir='ltr'>et</span> 
     </span>
     <span class='ocr_line' id='line_1_20' title="bbox 221 1250 1538 1319; baseline -0.001 -19"><span class='ocrx_word' id='word_1_92' title='bbox 221 1253 320 1301; x_wconf 85' lang='lat' dir='ltr'>hos</span> <span class='ocrx_word' id='word_1_93' title='bbox 343 1250 454 1301; x_wconf 80' lang='lat' dir='ltr'>sero</span> <span class='ocrx_word' id='word_1_94' title='bbox 478 1255 668 1317; x_wconf 83' lang='lat' dir='ltr'>potius,</span> <span class='ocrx_word' id='word_1_95' title='bbox 692 1272 848 1318; x_wconf 85' lang='lat' dir='ltr'>quam</span> <span class='ocrx_word' id='word_1_96' title='bbox 875 1271 1162 1319; x_wconf 85' lang='lat' dir='ltr'>nunquam,</span> <span class='ocrx_word' id='word_1_97' title='bbox 1175 1250 1404 1302; x_wconf 86' lang='lat' dir='ltr'>didiciffe</span> <span class='ocrx_word' id='word_1_98' title='bbox 1421 1253 1538 1316; x_wconf 82' lang='lat' dir='ltr'>quis</span> 
     </span>
     <span class='ocr_line' id='line_1_21' title="bbox 223 1327 1539 1393; baseline 0 -19"><span class='ocrx_word' id='word_1_99' title='bbox 223 1327 438 1376; x_wconf 80' lang='lat' dir='ltr'>dixerit:</span> <span class='ocrx_word' id='word_1_100' title='bbox 472 1346 772 1393; x_wconf 79' lang='lat' dir='ltr'>quanquam</span> <span class='ocrx_word' id='word_1_101' title='bbox 787 1328 1060 1379; x_wconf 84' lang='lat' dir='ltr'>Aeschines</span> <span class='ocrx_word' id='word_1_102' title='bbox 1084 1330 1145 1377; x_wconf 85' lang='lat' dir='ltr'>ab</span> <span class='ocrx_word' id='word_1_103' title='bbox 1166 1330 1320 1377; x_wconf 86' lang='lat' dir='ltr'>initio</span> <span class='ocrx_word' id='word_1_104' title='bbox 1344 1327 1404 1375; x_wconf 85' lang='lat' dir='ltr'>[it</span> <span class='ocrx_word' id='word_1_105' title='bbox 1420 1343 1539 1375; x_wconf 87' lang='lat' dir='ltr'>ver-</span> 
     </span>
     <span class='ocr_line' id='line_1_22' title="bbox 220 1401 1538 1470; baseline -0.001 -20"><span class='ocrx_word' id='word_1_106' title='bbox 220 1401 355 1452; x_wconf 79' lang='lat' dir='ltr'>satus</span> <span class='ocrx_word' id='word_1_107' title='bbox 375 1405 433 1452; x_wconf 88' lang='lat' dir='ltr'>in</span> <span class='ocrx_word' id='word_1_108' title='bbox 451 1405 638 1462; x_wconf 87' lang='lat' dir='ltr'>literis,</span> <span class='ocrx_word' id='word_1_109' title='bbox 680 1422 805 1470; x_wconf 83' lang='lat' dir='ltr'>quas</span> <span class='ocrx_word' id='word_1_110' title='bbox 825 1415 967 1470; x_wconf 80' lang='lat' dir='ltr'>pater</span> <span class='ocrx_word' id='word_1_111' title='bbox 990 1410 1100 1466; x_wconf 83' lang='lat' dir='ltr'>ejus</span> <span class='ocrx_word' id='word_1_112' title='bbox 1123 1406 1277 1452; x_wconf 87' lang='lat' dir='ltr'>etiam</span> <span class='ocrx_word' id='word_1_113' title='bbox 1298 1403 1538 1460; x_wconf 82' lang='lat' dir='ltr'>docebat;</span> 
     </span>
    </p>
   </div>
   <div class='ocr_carea' id='block_1_12' title="bbox 217 1530 1540 1914">
    <p class='ocr_par' dir='ltr' id='par_1_13' title="bbox 217 1530 1540 1914">
     <span class='ocr_line' id='line_1_23' title="bbox 303 1530 1539 1580; baseline -0.002 -12"><span class='ocrx_word' id='word_1_114' title='bbox 303 1535 498 1570; x_wconf 78' lang='lat' dir='ltr'>didicerint.</span> <span class='ocrx_word' id='word_1_115' title='bbox 554 1536 608 1569; x_wconf 90' lang='lat' dir='ltr'>Ita</span> <span class='ocrx_word' id='word_1_116' title='bbox 631 1533 754 1570; x_wconf 82' lang='lat' dir='ltr'>Guelf.</span> <span class='ocrx_word' id='word_1_117' title='bbox 788 1545 824 1569; x_wconf 88' lang='lat' dir='ltr'>et</span> <span class='ocrx_word' id='word_1_118' title='bbox 851 1536 944 1572; x_wconf 83' lang='lat' dir='ltr'>Jens.</span> <span class='ocrx_word' id='word_1_119' title='bbox 978 1538 1072 1580; x_wconf 82' lang='lat' dir='ltr'>(tac.</span> <span class='ocrx_word' id='word_1_120' title='bbox 1097 1534 1220 1576; x_wconf 83' lang='lat' dir='ltr'>Gesn.)</span> <span class='ocrx_word' id='word_1_121' title='bbox 1249 1545 1333 1568; x_wconf 87' lang='lat' dir='ltr'>cum</span> <span class='ocrx_word' id='word_1_122' title='bbox 1355 1530 1436 1568; x_wconf 84' lang='lat' dir='ltr'>edd.</span> <span class='ocrx_word' id='word_1_123' title='bbox 1455 1541 1539 1567; x_wconf 77' lang='lat' dir='ltr'>ante</span> 
     </span>
     <span class='ocr_line' id='line_1_24' title="bbox 221 1587 1540 1641; baseline -0.002 -15"><span class='ocrx_word' id='word_1_124' title='bbox 221 1590 365 1637; x_wconf 77' lang='lat' dir='ltr'>Gryph.</span> <span class='ocrx_word' id='word_1_125' title='bbox 387 1589 581 1628; x_wconf 85' lang='lat' dir='ltr'>omnibus,</span> <span class='ocrx_word' id='word_1_126' title='bbox 607 1589 785 1624; x_wconf 82' lang='lat' dir='ltr'>latinitate</span> <span class='ocrx_word' id='word_1_127' title='bbox 811 1599 848 1624; x_wconf 85' lang='lat' dir='ltr'>et</span> <span class='ocrx_word' id='word_1_128' title='bbox 878 1589 996 1641; x_wconf 76' lang='lat' dir='ltr'>logica</span> <span class='ocrx_word' id='word_1_129' title='bbox 1023 1588 1247 1636; x_wconf 82' lang='lat' dir='ltr'>jubentibus.</span> <span class='ocrx_word' id='word_1_130' title='bbox 1305 1587 1428 1625; x_wconf 82' lang='lat' dir='ltr'>Ceteri</span> <span class='ocrx_word' id='word_1_131' title='bbox 1449 1588 1540 1623; x_wconf 79' lang='lat' dir='ltr'>didi·</span> 
     </span>
     <span class='ocr_line' id='line_1_25' title="bbox 219 1641 1539 1692; baseline -0.002 -12"><span class='ocrx_word' id='word_1_132' title='bbox 219 1656 350 1680; x_wconf 81' lang='lat' dir='ltr'>cerunt.</span> <span class='ocrx_word' id='word_1_133' title='bbox 409 1645 504 1679; x_wconf 87' lang='lat' dir='ltr'>Illud</span> <span class='ocrx_word' id='word_1_134' title='bbox 526 1644 665 1684; x_wconf 83' lang='lat' dir='ltr'>levius,</span> <span class='ocrx_word' id='word_1_135' title='bbox 690 1645 789 1691; x_wconf 88' lang='lat' dir='ltr'>quod</span> <span class='ocrx_word' id='word_1_136' title='bbox 811 1645 922 1680; x_wconf 84' lang='lat' dir='ltr'>Goth.</span> <span class='ocrx_word' id='word_1_137' title='bbox 945 1646 1038 1683; x_wconf 83' lang='lat' dir='ltr'>Jens.</span> <span class='ocrx_word' id='word_1_138' title='bbox 1063 1647 1080 1689; x_wconf 89' lang='lat'>(</span> <span class='ocrx_word' id='word_1_139' title='bbox 1093 1655 1157 1678; x_wconf 84' lang='lat' dir='ltr'>tac.</span> <span class='ocrx_word' id='word_1_140' title='bbox 1171 1645 1293 1688; x_wconf 84' lang='lat' dir='ltr'>Gesn.)</span> <span class='ocrx_word' id='word_1_141' title='bbox 1316 1655 1399 1678; x_wconf 89' lang='lat' dir='ltr'>cum</span> <span class='ocrx_word' id='word_1_142' title='bbox 1421 1641 1539 1692; x_wconf 75' lang='lat' dir='ltr'>Codd.</span> 
     </span>
     <span class='ocr_line' id='line_1_26' title="bbox 219 1697 1537 1749; baseline -0.002 -15"><span class='ocrx_word' id='word_1_143' title='bbox 219 1700 361 1747; x_wconf 78' lang='lat' dir='ltr'>aliquot</span> <span class='ocrx_word' id='word_1_144' title='bbox 391 1711 426 1737; x_wconf 85' lang='lat' dir='ltr'>et</span> <span class='ocrx_word' id='word_1_145' title='bbox 453 1699 533 1734; x_wconf 86' lang='lat' dir='ltr'>edd.</span> <span class='ocrx_word' id='word_1_146' title='bbox 565 1710 648 1736; x_wconf 79' lang='lat' dir='ltr'>ante</span> <span class='ocrx_word' id='word_1_147' title='bbox 682 1699 824 1748; x_wconf 83' lang='lat' dir='ltr'>Gryph.</span> <span class='ocrx_word' id='word_1_148' title='bbox 857 1700 968 1735; x_wconf 90' lang='lat' dir='ltr'>modo</span> <span class='ocrx_word' id='word_1_149' title='bbox 1006 1712 1074 1748; x_wconf 83' lang='lat' dir='ltr'>pro</span> <span class='ocrx_word' id='word_1_150' title='bbox 1104 1702 1188 1749; x_wconf 71' lang='lat' dir='ltr'>sing.</span> <span class='ocrx_word' id='word_1_151' title='bbox 1220 1699 1307 1733; x_wconf 83' lang='lat' dir='ltr'>dant</span> <span class='ocrx_word' id='word_1_152' title='bbox 1346 1697 1537 1745; x_wconf 81' lang='lat' dir='ltr'>pluralem.</span> 
     </span>
     <span class='ocr_line' id='line_1_27' title="bbox 217 1752 1539 1806; baseline -0.002 -15"><span class='ocrx_word' id='word_1_153' title='bbox 217 1755 428 1805; x_wconf 77' lang='lat' dir='ltr'>Elegantior</span> <span class='ocrx_word' id='word_1_154' title='bbox 449 1755 495 1790; x_wconf 84' lang='lat' dir='ltr'>est</span> <span class='ocrx_word' id='word_1_155' title='bbox 514 1757 601 1806; x_wconf 81' lang='lat' dir='ltr'>fing.</span> <span class='ocrx_word' id='word_1_156' title='bbox 614 1781 623 1793; x_wconf 89' lang='lat'><em>.</em></span> <span class='ocrx_word' id='word_1_157' title='bbox 653 1768 760 1802; x_wconf 87' lang='lat' dir='ltr'>quem</span> <span class='ocrx_word' id='word_1_158' title='bbox 786 1765 910 1790; x_wconf 85' lang='lat' dir='ltr'>tuetur</span> <span class='ocrx_word' id='word_1_159' title='bbox 925 1754 1046 1791; x_wconf 86' lang='lat' dir='ltr'>Guelf.</span> <span class='ocrx_word' id='word_1_160' title='bbox 1084 1755 1208 1790; x_wconf 78' lang='lat' dir='ltr'>Turio.</span> <span class='ocrx_word' id='word_1_161' title='bbox 1230 1755 1267 1788; x_wconf 85' lang='lat' dir='ltr'>id</span> <span class='ocrx_word' id='word_1_162' title='bbox 1287 1753 1382 1802; x_wconf 82' lang='lat' dir='ltr'>quod</span> <span class='ocrx_word' id='word_1_163' title='bbox 1391 1752 1539 1801; x_wconf 80' lang='lat' dir='ltr'>faciant</span> 
     </span>
     <span class='ocr_line' id='line_1_28' title="bbox 217 1808 1358 1859; baseline -0.002 -14"><span class='ocrx_word' id='word_1_164' title='bbox 217 1821 253 1845; x_wconf 79' lang='lat' dir='ltr'>et</span> <span class='ocrx_word' id='word_1_165' title='bbox 275 1812 478 1849; x_wconf 63' lang='lat' dir='ltr'>didicerint,</span> <span class='ocrx_word' id='word_1_166' title='bbox 502 1811 635 1845; x_wconf 83' lang='lat' dir='ltr'>omiffis</span> <span class='ocrx_word' id='word_1_167' title='bbox 654 1811 729 1846; x_wconf 83' lang='lat' dir='ltr'>his:</span> <span class='ocrx_word' id='word_1_168' title='bbox 759 1811 794 1845; x_wconf 81' lang='lat' dir='ltr'>d.</span> <span class='ocrx_word' id='word_1_169' title='bbox 815 1825 850 1846; x_wconf 84' lang='lat' dir='ltr'>a.</span> <span class='ocrx_word' id='word_1_170' title='bbox 874 1812 907 1845; x_wconf 83' lang='lat' dir='ltr'>Iz.</span> <span class='ocrx_word' id='word_1_171' title='bbox 930 1825 959 1845; x_wconf 78' lang='lat' dir='ltr'>e.</span> <span class='ocrx_word' id='word_1_172' title='bbox 981 1826 1013 1859; x_wconf 90' lang='lat' dir='ltr'>q.</span> <span class='ocrx_word' id='word_1_173' title='bbox 1033 1825 1066 1845; x_wconf 87' lang='lat' dir='ltr'>n.</span> <span class='ocrx_word' id='word_1_174' title='bbox 1092 1810 1127 1844; x_wconf 80' lang='lat' dir='ltr'>d.</span> <span class='ocrx_word' id='word_1_175' title='bbox 1151 1821 1236 1859; x_wconf 75' lang='lat' dir='ltr'>eum</span> <span class='ocrx_word' id='word_1_176' title='bbox 1259 1808 1358 1845; x_wconf 83' lang='lat' dir='ltr'>Alm.</span> 
     </span>
     <span class='ocr_line' id='line_1_29' title="bbox 218 1865 1184 1914; baseline -0.001 -14"><span class='ocrx_word' id='word_1_177' title='bbox 218 1867 411 1901; x_wconf 81' lang='lat' dir='ltr'>Demaden.</span> <span class='ocrx_word' id='word_1_178' title='bbox 467 1866 526 1900; x_wconf 82' lang='lat' dir='ltr'>Sic</span> <span class='ocrx_word' id='word_1_179' title='bbox 545 1866 666 1902; x_wconf 82' lang='lat' dir='ltr'>Guelf.</span> <span class='ocrx_word' id='word_1_180' title='bbox 691 1867 825 1901; x_wconf 82' lang='lat' dir='ltr'>rectius</span> <span class='ocrx_word' id='word_1_181' title='bbox 849 1879 958 1914; x_wconf 83' lang='lat' dir='ltr'>quam</span> <span class='ocrx_word' id='word_1_182' title='bbox 981 1865 1184 1901; x_wconf 79' lang='lat' dir='ltr'>Demadem.</span> 
     </span>
    </p>
   </div>
   <div class='ocr_carea' id='block_1_13' title="bbox 213 1960 852 2785">
    <p class='ocr_par' dir='ltr' id='par_1_14' title="bbox 213 1960 852 2453">
     <span class='ocr_line' id='line_1_30' title="bbox 274 1960 850 2009; baseline 0.002 -14"><span class='ocrx_word' id='word_1_183' title='bbox 274 1961 455 1996; x_wconf 77' lang='lat' dir='ltr'>Demaden</span> <span class='ocrx_word' id='word_1_184' title='bbox 473 1982 527 1988; x_wconf 94' lang='lat'>—</span> <span class='ocrx_word' id='word_1_185' title='bbox 548 1960 763 2009; x_wconf 75' lang='lat' dir='ltr'>Aeschinem.</span> <span class='ocrx_word' id='word_1_186' title='bbox 790 1963 850 1996; x_wconf 89' lang='lat' dir='ltr'>De</span> 
     </span>
     <span class='ocr_line' id='line_1_31' title="bbox 215 2016 847 2081; baseline -0.003 -29"><span class='ocrx_word' id='word_1_187' title='bbox 215 2016 283 2052; x_wconf 83' lang='lat' dir='ltr'>illo</span> <span class='ocrx_word' id='word_1_188' title='bbox 305 2016 447 2051; x_wconf 80' lang='lat' dir='ltr'>consule</span> <span class='ocrx_word' id='word_1_189' title='bbox 467 2019 565 2050; x_wconf 84' lang='lat' dir='ltr'>Sext.</span> <span class='ocrx_word' id='word_1_190' title='bbox 578 2020 684 2064; x_wconf 82' lang='lat' dir='ltr'>Emp.</span> <span class='ocrx_word' id='word_1_191' title='bbox 706 2031 741 2064; x_wconf 86' lang='lat' dir='ltr'>p.</span> <span class='ocrx_word' id='word_1_192' title='bbox 756 2027 847 2081; x_wconf 83' lang='lat'>291.</span> 
     </span>
     <span class='ocr_line' id='line_1_32' title="bbox 218 2066 849 2116; baseline -0.002 -9"><span class='ocrx_word' id='word_1_193' title='bbox 218 2066 436 2116; x_wconf 66' lang='grc' dir='ltr'>(Δημάδης)</span> <span class='ocrx_word' id='word_1_194' title='bbox 473 2068 682 2112; x_wconf 64' lang='grc' dir='ltr'>κωπηλάτης</span> <span class='ocrx_word' id='word_1_195' title='bbox 719 2092 771 2099; x_wconf 91' lang='lat'>-—</span> <span class='ocrx_word' id='word_1_196' title='bbox 808 2086 849 2106; x_wconf 83' lang='grc' dir='ltr'>ων</span> 
     </span>
     <span class='ocr_line' id='line_1_33' title="bbox 217 2121 850 2176; baseline -0.002 -13"><span class='ocrx_word' id='word_1_197' title='bbox 217 2123 448 2172; x_wconf 72' lang='grc' dir='ltr'>ὅμολογειται</span> <span class='ocrx_word' id='word_1_198' title='bbox 496 2121 634 2176; x_wconf 60' lang='grc' dir='ltr'>ἄριστος</span> <span class='ocrx_word' id='word_1_199' title='bbox 680 2128 850 2172; x_wconf 81' lang='grc' dir='ltr'><strong><em>γεγονέναι</em></strong></span> 
     </span>
     <span class='ocr_line' id='line_1_34' title="bbox 214 2181 848 2233; baseline -0.002 -15"><span class='ocrx_word' id='word_1_200' title='bbox 214 2181 325 2233; x_wconf 70' lang='grc' dir='ltr'><em>ῥητωρ</em></span> <span class='ocrx_word' id='word_1_201' title='bbox 355 2203 408 2209; x_wconf 89' lang='lat'>-—-</span> <span class='ocrx_word' id='word_1_202' title='bbox 433 2182 541 2217; x_wconf 75' lang='grc' dir='ltr'><strong><em>τοίνυν</em></strong></span> <span class='ocrx_word' id='word_1_203' title='bbox 562 2196 624 2217; x_wconf 85' lang='grc' dir='ltr'>ουκ</span> <span class='ocrx_word' id='word_1_204' title='bbox 643 2182 717 2217; x_wconf 80' lang='grc' dir='ltr'><strong><em>ἔστι</em></strong></span> <span class='ocrx_word' id='word_1_205' title='bbox 739 2183 848 2227; x_wconf 77' lang='grc' dir='ltr'><strong><em>τέχνη</em></strong></span> 
     </span>
     <span class='ocr_line' id='line_1_35' title="bbox 213 2234 847 2288; baseline -0.002 -16"><span class='ocrx_word' id='word_1_206' title='bbox 213 2234 237 2279; x_wconf 68' lang='lat'>27⁶</span> <span class='ocrx_word' id='word_1_207' title='bbox 251 2234 424 2288; x_wconf 64' lang='grc' dir='ltr'><em>ῥητορική.</em></span> <span class='ocrx_word' id='word_1_208' title='bbox 453 2238 531 2273; x_wconf 85' lang='lat' dir='ltr'>vid.</span> <span class='ocrx_word' id='word_1_209' title='bbox 546 2248 581 2272; x_wconf 84' lang='lat' dir='ltr'>et</span> <span class='ocrx_word' id='word_1_210' title='bbox 595 2238 732 2273; x_wconf 80' lang='lat' dir='ltr'>Fabric.</span> <span class='ocrx_word' id='word_1_211' title='bbox 745 2238 847 2273; x_wconf 75' lang='lat' dir='ltr'>Harl.</span> 
     </span>
     <span class='ocr_line' id='line_1_36' title="bbox 218 2293 849 2341; baseline -0.003 -13"><span class='ocrx_word' id='word_1_212' title='bbox 218 2304 256 2328; x_wconf 81' lang='lat'>2.</span> <span class='ocrx_word' id='word_1_213' title='bbox 280 2307 314 2341; x_wconf 83' lang='lat' dir='ltr'>p.</span> <span class='ocrx_word' id='word_1_214' title='bbox 340 2293 432 2337; x_wconf 72' lang='grc'><strong>868.</strong></span> <span class='ocrx_word' id='word_1_215' title='bbox 489 2294 548 2327; x_wconf 84' lang='lat' dir='ltr'>De</span> <span class='ocrx_word' id='word_1_216' title='bbox 571 2293 641 2328; x_wconf 88' lang='lat' dir='ltr'>hoc</span> <span class='ocrx_word' id='word_1_217' title='bbox 660 2293 849 2328; x_wconf 81' lang='lat' dir='ltr'>Demosth.</span> 
     </span>
     <span class='ocr_line' id='line_1_37' title="bbox 215 2345 852 2397; baseline 0 -15"><span class='ocrx_word' id='word_1_218' title='bbox 215 2361 286 2397; x_wconf 75' lang='lat' dir='ltr'>pro</span> <span class='ocrx_word' id='word_1_219' title='bbox 312 2350 396 2384; x_wconf 78' lang='lat' dir='ltr'>Cor.</span> <span class='ocrx_word' id='word_1_220' title='bbox 421 2360 456 2395; x_wconf 86' lang='lat' dir='ltr'>p.</span> <span class='ocrx_word' id='word_1_221' title='bbox 478 2348 600 2383; x_wconf 79' lang='lat' dir='ltr'>Reisk.</span> <span class='ocrx_word' id='word_1_222' title='bbox 623 2355 701 2395; x_wconf 71' lang='lat'>514</span> <span class='ocrx_word' id='word_1_223' title='bbox 719 2345 852 2394; x_wconf 68' lang='grc' dir='ltr'><em>μισθώ-</em></span> 
     </span>
     <span class='ocr_line' id='line_1_38' title="bbox 218 2399 850 2453; baseline 0.002 -15"><span class='ocrx_word' id='word_1_224' title='bbox 218 2416 279 2438; x_wconf 77' lang='grc' dir='ltr'>σας</span> <span class='ocrx_word' id='word_1_225' title='bbox 308 2399 434 2438; x_wconf 70' lang='grc' dir='ltr'><strong><em>σαυτὸν</em></strong></span> <span class='ocrx_word' id='word_1_226' title='bbox 453 2406 524 2438; x_wconf 79' lang='grc' dir='ltr'><em>τοῖς</em></span> <span class='ocrx_word' id='word_1_227' title='bbox 543 2401 766 2453; x_wconf 68' lang='grc' dir='ltr'>βαρυστόνοις</span> <span class='ocrx_word' id='word_1_228' title='bbox 795 2422 850 2431; x_wconf 93' lang='lat'>—</span> 
     </span>
    </p>

    <p class='ocr_par' dir='ltr' id='par_1_15' title="bbox 213 2453 849 2785">
     <span class='ocr_line' id='line_1_39' title="bbox 217 2453 849 2524; baseline 0.002 -30.029"><span class='ocrx_word' id='word_1_229' title='bbox 217 2458 349 2494; x_wconf 75' lang='grc' dir='ltr'><strong><em>ἓῖκενοις</em></strong></span> <span class='ocrx_word' id='word_1_230' title='bbox 378 2453 657 2524; x_wconf 65' lang='grc' dir='ltr'>ὑποκριταῖς</span> <span class='ocrx_word' id='word_1_231' title='bbox 685 2474 718 2494; x_wconf 85' lang='grc' dir='ltr'>κ.</span> <span class='ocrx_word' id='word_1_232' title='bbox 746 2473 781 2497; x_wconf 79' lang='grc' dir='ltr'>τ.</span> <span class='ocrx_word' id='word_1_233' title='bbox 809 2462 849 2499; x_wconf 79' lang='grc' dir='ltr'>λ.</span> 
     </span>
     <span class='ocr_line' id='line_1_40' title="bbox 218 2509 847 2562; baseline 0.002 -14"><span class='ocrx_word' id='word_1_234' title='bbox 218 2528 254 2562; x_wconf 90' lang='grc' dir='ltr'>Ρ.</span> <span class='ocrx_word' id='word_1_235' title='bbox 276 2524 326 2557; x_wconf 80' lang='lat'>52</span> <span class='ocrx_word' id='word_1_236' title='bbox 306 2526 355 2561; x_wconf 73' lang='lat'>“9</span> <span class='ocrx_word' id='word_1_237' title='bbox 379 2509 467 2553; x_wconf 75' lang='grc' dir='ltr'>.ηνι”κ</span> <span class='ocrx_word' id='word_1_238' title='bbox 496 2528 535 2548; x_wconf 79' lang='grc' dir='ltr'>αν</span> <span class='ocrx_word' id='word_1_239' title='bbox 561 2513 664 2549; x_wconf 71' lang='grc' dir='ltr'><strong><em>εἰπεῖν</em></strong></span> <span class='ocrx_word' id='word_1_240' title='bbox 685 2529 722 2549; x_wconf 81' lang='grc' dir='ltr'>τι</span> <span class='ocrx_word' id='word_1_241' title='bbox 751 2529 847 2549; x_wconf 72' lang='grc' dir='ltr'><strong><em>κατα</em></strong></span> 
     </span>
     <span class='ocr_line' id='line_1_41' title="bbox 216 2563 847 2618; baseline 0 -14"><span class='ocrx_word' id='word_1_242' title='bbox 216 2566 344 2604; x_wconf 74' lang='grc' dir='ltr'><strong><em>τούτων</em></strong></span> <span class='ocrx_word' id='word_1_243' title='bbox 375 2563 440 2604; x_wconf 60' lang='grc' dir='ltr'>δέον</span> <span class='ocrx_word' id='word_1_244' title='bbox 468 2569 500 2604; x_wconf 82' lang='grc' dir='ltr'>ἒν</span> <span class='ocrx_word' id='word_1_245' title='bbox 529 2567 662 2604; x_wconf 80' lang='grc' dir='ltr'><strong><em>τούτοις</em></strong></span> <span class='ocrx_word' id='word_1_246' title='bbox 691 2573 847 2618; x_wconf 53' lang='lat' dir='ltr'>&gt;saunfo-</span> 
     </span>
     <span class='ocr_line' id='line_1_42' title="bbox 217 2622 847 2670; baseline 0.002 -12"><span class='ocrx_word' id='word_1_247' title='bbox 217 2622 415 2670; x_wconf 72' lang='grc' dir='ltr'><strong><em>φωνότατος</em></strong></span> <span class='ocrx_word' id='word_1_248' title='bbox 435 2651 448 2668; x_wconf 83' lang='grc'>,</span> <span class='ocrx_word' id='word_1_249' title='bbox 521 2638 847 2670; x_wconf 73' lang='grc' dir='ltr'>μνημονικωτσιτος,</span> 
     </span>
     <span class='ocr_line' id='line_1_43' title="bbox 213 2673 846 2728; baseline 0.003 -15"><span class='ocrx_word' id='word_1_250' title='bbox 213 2675 469 2728; x_wconf 41' lang='grc' dir='ltr'><strong><em>υξποκριτὴς</em></strong></span> <span class='ocrx_word' id='word_1_251' title='bbox 507 2673 644 2728; x_wconf 42' lang='lat' dir='ltr'>&lt;gemtor</span> <span class='ocrx_word' id='word_1_252' title='bbox 683 2695 715 2715; x_wconf 83' lang='grc' dir='ltr'>κ.</span> <span class='ocrx_word' id='word_1_253' title='bbox 745 2695 779 2715; x_wconf 87' lang='grc' dir='ltr'>τ.</span> <span class='ocrx_word' id='word_1_254' title='bbox 809 2683 846 2714; x_wconf 77' lang='grc' dir='ltr'>λ.</span> 
     </span>
     <span class='ocr_line' id='line_1_44' title="bbox 219 2730 848 2785; baseline 0.01 -19"><span class='ocrx_word' id='word_1_255' title='bbox 219 2748 255 2784; x_wconf 77' lang='lat' dir='ltr'>p.</span> <span class='ocrx_word' id='word_1_256' title='bbox 280 2745 356 2780; x_wconf 80' lang='lat'>307</span> <span class='ocrx_word' id='word_1_257' title='bbox 379 2730 756 2785; x_wconf 59' lang='lat' dir='ltr'>udrorfaycnonffinuos</span> <span class='ocrx_word' id='word_1_258' title='bbox 786 2740 848 2780; x_wconf 78' lang='lat' dir='ltr'>(ex</span> 
     </span>
    </p>
   </div>
   <div class='ocr_carea' id='block_1_14' title="bbox 902 1961 1587 2782">
    <p class='ocr_par' dir='ltr' id='par_1_16' title="bbox 904 1961 1567 2121">
     <span class='ocr_line' id='line_1_45' title="bbox 904 1961 1540 2008; baseline -0.008 -11"><span class='ocrx_word' id='word_1_259' title='bbox 904 1961 1046 1997; x_wconf 81' lang='lat' dir='ltr'>Reiskii</span> <span class='ocrx_word' id='word_1_260' title='bbox 1065 1962 1282 2008; x_wconf 87' lang='lat' dir='ltr'>conjectura,</span> <span class='ocrx_word' id='word_1_261' title='bbox 1295 1970 1405 2007; x_wconf 82' lang='lat' dir='ltr'>quam</span> <span class='ocrx_word' id='word_1_262' title='bbox 1417 1967 1540 2007; x_wconf 78' lang='lat' dir='ltr'>tamen</span> 
     </span>
     <span class='ocr_line' id='line_1_46' title="bbox 905 2009 1539 2066; baseline -0.003 -16"><span class='ocrx_word' id='word_1_263' title='bbox 905 2028 980 2051; x_wconf 85' lang='lat' dir='ltr'>non</span> <span class='ocrx_word' id='word_1_264' title='bbox 1023 2016 1188 2065; x_wconf 82' lang='lat' dir='ltr'>praesto)</span> <span class='ocrx_word' id='word_1_265' title='bbox 1226 2010 1400 2066; x_wconf 62' lang='grc' dir='ltr'>ἀρουραῖος</span> <span class='ocrx_word' id='word_1_266' title='bbox 1435 2009 1539 2049; x_wconf 80' lang='grc' dir='ltr'><strong><em>Οἰνὸ-</em></strong></span> 
     </span>
     <span class='ocr_line' id='line_1_47' title="bbox 905 2085 1567 2121; baseline -0.011 -14"><span class='ocrx_word' id='word_1_267' title='bbox 905 2085 1006 2118; x_wconf 77' lang='grc' dir='ltr'><strong><em>μοιος.</em></strong></span> <span class='ocrx_word' id='word_1_268' title='bbox 1563 2114 1567 2121; x_wconf 19' lang='grc' dir='ltr'>ἡ</span> 
     </span>
    </p>

    <p class='ocr_par' dir='ltr' id='par_1_17' title="bbox 905 2127 1539 2335">
     <span class='ocr_line' id='line_1_48' title="bbox 961 2127 1539 2177; baseline -0.005 -15"><span class='ocrx_word' id='word_1_269' title='bbox 961 2140 1159 2177; x_wconf 82' lang='lat' dir='ltr'>quanquam</span> <span class='ocrx_word' id='word_1_270' title='bbox 1189 2146 1242 2154; x_wconf 89' lang='lat'>--</span> <span class='ocrx_word' id='word_1_271' title='bbox 1263 2127 1318 2173; x_wconf 81' lang='lat' dir='ltr'>fit</span> <span class='ocrx_word' id='word_1_272' title='bbox 1339 2145 1394 2153; x_wconf 92' lang='lat'>—-</span> <span class='ocrx_word' id='word_1_273' title='bbox 1415 2134 1539 2172; x_wconf 77' lang='lat' dir='ltr'>potue-</span> 
     </span>
     <span class='ocr_line' id='line_1_49' title="bbox 905 2180 1538 2228; baseline -0.006 -10"><span class='ocrx_word' id='word_1_274' title='bbox 905 2185 962 2218; x_wconf 79' lang='lat' dir='ltr'>rit.</span> <span class='ocrx_word' id='word_1_275' title='bbox 1029 2181 1322 2228; x_wconf 71' lang='lat' dir='ltr'>Coniunctivum</span> <span class='ocrx_word' id='word_1_276' title='bbox 1361 2180 1538 2215; x_wconf 79' lang='lat' dir='ltr'>structum</span> 
     </span>
     <span class='ocr_line' id='line_1_50' title="bbox 907 2234 1536 2286; baseline -0.003 -15"><span class='ocrx_word' id='word_1_277' title='bbox 907 2250 991 2272; x_wconf 87' lang='lat' dir='ltr'>cum</span> <span class='ocrx_word' id='word_1_278' title='bbox 1022 2251 1218 2286; x_wconf 82' lang='lat' dir='ltr'>quanquam</span> <span class='ocrx_word' id='word_1_279' title='bbox 1247 2235 1392 2271; x_wconf 80' lang='lat' dir='ltr'>attende</span> <span class='ocrx_word' id='word_1_280' title='bbox 1422 2243 1459 2269; x_wconf 80' lang='lat' dir='ltr'>et</span> <span class='ocrx_word' id='word_1_281' title='bbox 1489 2234 1536 2270; x_wconf 70' lang='lat' dir='ltr'>cf.</span> 
     </span>
     <span class='ocr_line' id='line_1_51' title="bbox 906 2293 1233 2335; baseline -0.006 -8"><span class='ocrx_word' id='word_1_282' title='bbox 906 2293 950 2327; x_wconf 83' lang='lat' dir='ltr'>ad</span> <span class='ocrx_word' id='word_1_283' title='bbox 980 2295 1144 2327; x_wconf 81' lang='lat' dir='ltr'>Prooem.</span> <span class='ocrx_word' id='word_1_284' title='bbox 1174 2298 1233 2335; x_wconf 80' lang='lat'>18.</span> 
     </span>
    </p>

    <p class='ocr_par' dir='ltr' id='par_1_18' title="bbox 902 2341 1587 2782">
     <span class='ocr_line' id='line_1_52' title="bbox 963 2341 1538 2394; baseline -0.009 -12"><span class='ocrx_word' id='word_1_285' title='bbox 963 2349 1071 2382; x_wconf 81' lang='lat' dir='ltr'>literis</span> <span class='ocrx_word' id='word_1_286' title='bbox 1090 2367 1143 2374; x_wconf 92' lang='lat'>-—</span> <span class='ocrx_word' id='word_1_287' title='bbox 1162 2356 1276 2394; x_wconf 80' lang='lat' dir='ltr'>pater.</span> <span class='ocrx_word' id='word_1_288' title='bbox 1303 2344 1424 2380; x_wconf 79' lang='lat' dir='ltr'>Etiam</span> <span class='ocrx_word' id='word_1_289' title='bbox 1441 2341 1538 2384; x_wconf 71' lang='lat' dir='ltr'>hanc</span> 
     </span>
     <span class='ocr_line' id='line_1_53' title="bbox 906 2399 1587 2449; baseline -0.01 -12"><span class='ocrx_word' id='word_1_290' title='bbox 906 2405 983 2449; x_wconf 83' lang='lat' dir='ltr'>ejus</span> <span class='ocrx_word' id='word_1_291' title='bbox 1016 2402 1261 2437; x_wconf 82' lang='lat' dir='ltr'>conditionem</span> <span class='ocrx_word' id='word_1_292' title='bbox 1293 2399 1423 2435; x_wconf 82' lang='lat' dir='ltr'>multis</span> <span class='ocrx_word' id='word_1_293' title='bbox 1453 2410 1537 2434; x_wconf 84' lang='lat' dir='ltr'>con·</span> <span class='ocrx_word' id='word_1_294' title='bbox 1582 2418 1587 2420; x_wconf 75' lang='lat'><strong><em>—</em></strong></span> 
     </span>
     <span class='ocr_line' id='line_1_54' title="bbox 906 2453 1535 2505; baseline -0.01 -13"><span class='ocrx_word' id='word_1_295' title='bbox 906 2458 1013 2493; x_wconf 82' lang='lat' dir='ltr'>viciis</span> <span class='ocrx_word' id='word_1_296' title='bbox 1043 2456 1241 2505; x_wconf 80' lang='lat' dir='ltr'>pmscindit</span> <span class='ocrx_word' id='word_1_297' title='bbox 1263 2453 1535 2490; x_wconf 77' lang='lat' dir='ltr'>Demosthenes.</span> 
     </span>
     <span class='ocr_line' id='line_1_55' title="bbox 902 2505 1534 2562; baseline -0.008 -15"><span class='ocrx_word' id='word_1_298' title='bbox 902 2527 938 2562; x_wconf 83' lang='lat' dir='ltr'>p.</span> <span class='ocrx_word' id='word_1_299' title='bbox 962 2523 1038 2555; x_wconf 83' lang='lat'>270</span> <span class='ocrx_word' id='word_1_300' title='bbox 1064 2525 1104 2547; x_wconf 87' lang='grc' dir='ltr'>ως</span> <span class='ocrx_word' id='word_1_301' title='bbox 1125 2525 1140 2546; x_wconf 90' lang='lat' dir='ltr'><em>o</em></span> <span class='ocrx_word' id='word_1_302' title='bbox 1160 2508 1274 2560; x_wconf 63' lang='grc' dir='ltr'><em>πατήρ</em></span> <span class='ocrx_word' id='word_1_303' title='bbox 1293 2522 1350 2544; x_wconf 81' lang='grc' dir='ltr'>σου</span> <span class='ocrx_word' id='word_1_304' title='bbox 1354 2505 1534 2558; x_wconf 66' lang='grc' dir='ltr'>,Τρόμης,</span> 
     </span>
     <span class='ocr_line' id='line_1_56' title="bbox 902 2559 1533 2615; baseline -0.01 -12"><span class='ocrx_word' id='word_1_305' title='bbox 902 2565 1054 2603; x_wconf 71' lang='grc' dir='ltr'>ἐδούλευε</span> <span class='ocrx_word' id='word_1_306' title='bbox 1091 2580 1161 2615; x_wconf 69' lang='lat' dir='ltr'>nug&gt;</span> <span class='ocrx_word' id='word_1_307' title='bbox 1194 2562 1326 2609; x_wconf 50' lang='lat' dir='ltr'>&#39;lssknop</span> <span class='ocrx_word' id='word_1_308' title='bbox 1356 2584 1410 2593; x_wconf 93' lang='lat'>—-</span> <span class='ocrx_word' id='word_1_309' title='bbox 1442 2559 1533 2598; x_wconf 64' lang='grc' dir='ltr'>διδοίο</span> 
     </span>
     <span class='ocr_line' id='line_1_57' title="bbox 904 2614 1534 2671; baseline -0.007 -13"><span class='ocrx_word' id='word_1_310' title='bbox 904 2637 973 2658; x_wconf 70' lang='lat' dir='ltr'>ono,</span> <span class='ocrx_word' id='word_1_311' title='bbox 974 2637 1018 2658; x_wconf 79' lang='grc' dir='ltr'>τι</span> <span class='ocrx_word' id='word_1_312' title='bbox 1049 2621 1262 2671; x_wconf 72' lang='grc' dir='ltr'><em>γράμματα.</em></span> <span class='ocrx_word' id='word_1_313' title='bbox 1287 2639 1338 2646; x_wconf 90' lang='lat'>—-</span> <span class='ocrx_word' id='word_1_314' title='bbox 1365 2614 1423 2654; x_wconf 76' lang='grc' dir='ltr'>δυο</span> <span class='ocrx_word' id='word_1_315' title='bbox 1451 2621 1534 2654; x_wconf 81' lang='grc' dir='ltr'><strong>συλ-</strong></span> 
     </span>
     <span class='ocr_line' id='line_1_58' title="bbox 904 2672 1532 2726; baseline -0.01 -13"><span class='ocrx_word' id='word_1_316' title='bbox 904 2681 981 2720; x_wconf 70' lang='grc' dir='ltr'>λαΓ</span> <span class='ocrx_word' id='word_1_317' title='bbox 965 2675 1024 2712; x_wconf 70' lang='grc' dir='ltr'>οοὶς</span> <span class='ocrx_word' id='word_1_318' title='bbox 1043 2675 1200 2726; x_wconf 69' lang='grc' dir='ltr'>προσ-3ης</span> <span class='ocrx_word' id='word_1_319' title='bbox 1221 2672 1282 2711; x_wconf 77' lang='grc' dir='ltr'>τόν</span> <span class='ocrx_word' id='word_1_320' title='bbox 1303 2695 1355 2702; x_wconf 93' lang='grc'>--</span> <span class='ocrx_word' id='word_1_321' title='bbox 1381 2673 1532 2722; x_wconf 71' lang='grc' dir='ltr'>πατέρα,</span> 
     </span>
     <span class='ocr_line' id='line_1_59' title="bbox 903 2723 1535 2782; baseline -0.01 -13"><span class='ocrx_word' id='word_1_322' title='bbox 903 2730 985 2769; x_wconf 69' lang='lat' dir='ltr'>dm*</span> <span class='ocrx_word' id='word_1_323' title='bbox 1010 2732 1216 2782; x_wconf 64' lang='grc' dir='ltr'>Τρόμητος,</span> <span class='ocrx_word' id='word_1_324' title='bbox 1242 2730 1388 2771; x_wconf 74' lang='grc' dir='ltr'>ἐποίησεν</span> <span class='ocrx_word' id='word_1_325' title='bbox 1415 2723 1535 2778; x_wconf 65' lang='lat' dir='ltr'>&#39;Argui-</span> 
     </span>
    </p>
   </div>
  </div>
 </body>
</html>
