1656 2990
276 195 336 247 56

583 195 656 258 Μ.
691 197 822 241 FAB.
857 197 1265 258 QUINTILIANI

274 316 396 366 sunt
427 314 505 365 usi
540 328 739 367 veteres
771 321 1114 382 grammatici,
1163 329 1223 367 ut
1256 335 1365 368 non
1401 317 1580 369 versus

277 392 439 440 modo
482 392 711 442 censoria
757 394 979 458 quadam
1023 395 1228 459 virgula
1270 405 1477 452 notare,
1529 405 1581 443 et

277 468 465 524 libros,
514 471 608 531 qui
653 466 780 516 falso
824 470 1129 518 viderentur
1167 468 1424 533 inscripti,
1470 479 1581 518 tan-

279 559 437 606 quam
455 535 751 592 subdifitios
774 542 1100 593 summovere
1120 544 1314 591 familia
1340 543 1582 610 permise-

277 618 384 665 rint
409 616 523 674 Iibi3
564 617 650 664 sed
675 629 906 667 auctores
929 621 1055 668 alios
1084 622 1140 667 in
1169 619 1410 668 ordinem
1435 620 1584 671 rede-

243 694 472 757 lagei-int,
496 693 622 741 alios
646 695 863 742 omnino
889 696 1171 742 exemerint
1191 694 1428 747 numero,
1467 697 1582 744 Nec

348 818 566 869 summovere
581 819 740 870 familia.
772 822 885 859 Goth.
906 821 998 869 (tac.
1021 823 1144 870 Gesn.)
1162 833 1197 860 et
1219 823 1338 861 Guelf.
1351 822 1529 873 familiae.
1585 856 1589 859 Α
1607 824 1610 830 '

330 941 464 966 veteres
483 933 711 980 grammatici.
748 932 906 969 Alexan-

276 984 402 1020 drinos
452 985 677 1033 potiffimum
722 987 906 1023 intellexit

278 1041 553 1079 Grammaticos,
578 1041 621 1075 de
640 1042 771 1088 quibus
790 1043 905 1078 nostra

276 1105 390 1130 aetate
411 1108 429 1130 a
448 1095 652 1133 Villoisono
670 1098 710 1131 in
738 1098 907 1148 Prolego-

275 1151 392 1184 menis
421 1150 465 1185 ad
492 1150 663 1190 Iliadem,
689 1162 726 1187 et
748 1166 768 1187 a
794 1155 834 1188 F.
857 1154 901 1188 A.

275 1205 418 1240 Wolfio
447 1207 486 1239 in
517 1206 586 1240 suis
614 1207 742 1243 itidem
765 1209 809 1242 ad
830 1211 908 1243 Ho-

274 1273 417 1294 merum
440 1261 712 1310 Prolegomenis
741 1263 906 1298 eruditis-

275 1316 361 1352 fime
378 1315 451 1350 fuit
471 1316 708 1363 disputatum.

331 1370 486 1419 censoria
541 1372 692 1419 quadam
748 1374 900 1421 virgula.

278 1426 412 1462 obelus
430 1427 578 1474 proprie
593 1427 804 1475 appellatur,
827 1441 901 1474 quo

275 1481 416 1529 spurios
438 1482 563 1515 versus
593 1483 786 1517 confodere
815 1482 906 1518 sole-

274 1535 335 1571 bat
353 1535 482 1583 Censor
500 1535 717 1584 Aristarchus
729 1563 738 1576 ,
767 1548 808 1572 ut
829 1540 903 1573 Au-

273 1591 374 1626 sonio
393 1590 494 1625 audit
512 1592 551 1626 in
574 1591 662 1626 ludo
678 1595 749 1629 VII
770 1595 902 1641 sapien-

274 1655 367 1681 tum.
398 1644 598 1694 Censorium
608 1646 733 1692 stilum
749 1648 792 1683 de
805 1649 900 1683 veris

274 1700 480 1735 censoribus
528 1700 619 1736 dicit
656 1703 784 1738 Cicero
833 1715 900 1752 pro

277 1755 451 1792 Cluentio
477 1767 507 1789 c.
527 1762 592 1802 44.

329 1812 419 1846 alios
449 1829 501 1838 —-
528 1812 720 1846 exemerint
750 1825 902 1847 numero.

275 1868 330 1901 Re
349 1866 483 1900 iterum
504 1866 709 1913 iterumque
722 1868 903 1914 perpensa,

276 1919 406 1955 lubens
437 1930 578 1955 transeo
616 1922 654 1955 in
693 1921 905 1957 Ruhnkenii

278 1975 396 2013 castra,
415 1976 578 2011 docentis
599 1976 804 2021 (Historiae
816 1978 906 2012 Ora-

279 2039 404 2066 torum
432 2033 652 2066 Graecorum
683 2031 837 2067 criticae
867 2046 903 2080 p.

277 2086 429 2132 XCVI)
453 2087 610 2133 redigere
639 2089 674 2120 in
694 2087 849 2121 ordinem
871 2098 907 2122 et

276 2143 429 2176 eximere
447 2154 586 2176 numero
611 2140 738 2175 latinas
760 2142 827 2176 effe
855 2142 908 2176 lo-

278 2196 441 2230 cutiones
469 2208 537 2244 pro
558 2197 703 2232 Graecis
731 2196 769 2230 in
797 2196 907 2232 hocce

279 2251 428 2300 negotio
457 2263 675 2300 magnopere
706 2251 909 2298 frequenta-

282 2305 328 2339 tis
348 2318 356 2339 τ
412 2305 571 2354 ἐγκρίνειν
623 2305 687 2342 καί
740 2305 908 2355 ἐκκρίνειν.

280 2360 528 2396 Conficiebant
575 2361 814 2396 Alexandrini
852 2362 910 2396 illi

280 2417 516 2451 Grammatici
533 2416 669 2451 indices
683 2417 909 2464 scriptorum,

279 2474 453 2514 (canonas
473 2471 744 2519 appellabimus,
766 2485 839 2519 quo
861 2473 910 2507 fa·

279 2524 385 2559 cilior
414 2527 455 2560 fit
482 2526 642 2574 ejusdem
667 2528 721 2560 rei
750 2528 842 2562 circa
868 2527 911 2562 li-

279 2580 366 2615 bros
388 2576 500 2616 sacros
528 2583 600 2627 jam
621 2582 785 2632 cognitae
814 2595 911 2617 com-

279 2636 438 2684 paratio)
476 2637 541 2682 qui
577 2637 650 2688 legi
684 2637 909 2684 potissimum

281 2701 516 2729 meterentur,
536 2703 611 2738 quo
632 2693 725 2727 facto
746 2693 910 2728 canonici

957 932 1014 968 isti
1042 933 1231 981 scriptores
1250 946 1269 967 a
1287 943 1489 968 ceterorum
1511 942 1589 968 tur-

959 987 1003 1023 ba
1029 987 1078 1022 ita
1106 988 1402 1038 segregabantur,
1440 998 1482 1023 ut
1511 990 1587 1036 jam

958 1055 1069 1091 paene
1091 1042 1155 1077 soli
1176 1043 1338 1091 scripsiffe
1350 1043 1586 1082 viderentur,

959 1098 1096 1144 quique
1116 1097 1154 1131 in
1175 1095 1465 1132 nnmerumnon
1476 1097 1589 1132 elsent

959 1151 1075 1191 relati,
1095 1152 1210 1202 vulgo
1228 1152 1520 1202 negligerentur,
1549 1161 1588 1187 et

959 1207 1022 1245 vel
1069 1220 1145 1241 earn
1192 1208 1302 1254 ipsam
1352 1206 1400 1242 ob
1449 1208 1586 1242 causam

959 1275 1087 1312 magna
1114 1264 1190 1296 sane
1208 1275 1254 1297 ex
1279 1271 1380 1309 parte
1398 1261 1588 1296 intercide-

957 1317 1046 1351 rint.
1087 1318 1244 1353 Omnem
1257 1317 1363 1352 <hunt:
1379 1316 1500 1352 locum
1521 1317 1589 1364 qui

956 1372 1074 1421 probe
1095 1374 1306 1422 cognoscere
1326 1372 1440 1420 cupit,
1451 1383 1585 1422 magno

959 1441 1040 1461 cum
1054 1427 1177 1461 fructu
1194 1427 1288 1478 leget
1299 1427 1584 1474 disputationem

957 1482 1168 1517 Ruhnkenii
1188 1482 1269 1516 loco
1287 1482 1467 1521 indicato,
1496 1481 1586 1516 adde

958 1536 1138 1572 Wolfium
1162 1538 1199 1572 in
1220 1537 1488 1587 Prolegomenis
1508 1539 1586 1572 Ho-

956 1592 1100 1626 mericis
1119 1606 1154 1639 p.
1166 1593 1276 1628 CXC.
1308 1594 1446 1627 Lucem
1464 1591 1586 1626 nostro

956 1647 1038 1681 loco
1064 1648 1240 1682 ministrat
1261 1648 1369 1695 ipsius
1393 1645 1587 1693 Quintilia-

956 1703 995 1736 ni
1013 1701 1102 1736 alter
1127 1715 1185 1741 ιο,
1203 1715 1234 1740 1,
1255 1707 1318 1748 54.
1347 1702 1476 1747 Neque
1495 1701 1586 1736 tanti

958 1758 1024 1794 est,
1053 1757 1171 1803 (qnod
1191 1756 1279 1791 olim
1299 1769 1358 1791 me
1383 1755 1426 1790 ab
1450 1756 1515 1791 hac
1532 1757 1586 1790 in·-

959 1812 1215 1858 terprctntione
1235 1803 1466 1854 avertebat,)
1484 1810 1586 1858 quod.

959 1868 1116 1914 redigere
1137 1870 1171 1902 in
1191 1867 1344 1902 ordinem
1371 1865 1466 1913 apud
1492 1865 1587 1900 mul-

959 1933 1014 1958 tos
1043 1931 1230 1972 argenteae
1252 1921 1374 1956 aetatis
1397 1921 1587 1968 scriptores

959 1979 1060 2014 sensu
1113 1975 1375 2011 contumelioso
1392 2021 1396 2025 ἱ
1440 1975 1588 2026 legitur.

960 2034 1049 2078 Ejus
1077 2031 1344 2083 fignificationis
1374 2024 1510 2082 insigne
1543 2030 1591 2065 est

962 2086 1169 2134 exemplum
1180 2086 1276 2134 apud
1285 2088 1434 2121 Sueten.
1461 2086 1591 2133 Vespa-

962 2145 1044 2178 fian.
1065 2155 1093 2176 c.
1119 2151 1166 2184 15
1194 2140 1511 2180 „altercationibus
1536 2141 1591 2174 in-

961 2196 1225 2237 „solentiffimis
1250 2209 1362 2244 paene
1379 2199 1415 2232 in
1434 2195 1590 2231 ordinem

1267 2251 1426 2286 Locutio
1475 2250 1591 2298 petita

962 2307 1114 2342 videtur
1152 2320 1171 2340 a
1198 2305 1384 2353 disciplina
1407 2301 1589 2343 'militarh

964 2374 1047 2396 cum
1074 2362 1124 2398 is,
1153 2362 1219 2408 qui
1245 2361 1408 2396 centurio
1437 2360 1511 2394 fuit
1531 2369 1592 2394 aut

964 2417 1172 2459 tribunus,
1195 2417 1235 2450 in
1266 2415 1434 2450 ordinem
1467 2427 1592 2465 grege„

962 2253 1155 2292 ‚,redactu³.
1162 2261 1183 2274 “

962 2473 1104 2507 riorum
1146 2470 1308 2506 militum
1338 2471 1459 2506 denuo
1494 2469 1591 2519 cogi·
1649 2488 1655 2495 ι

965 2538 1039 2562 tur.
1086 2526 1163 2560 vid.
1199 2526 1336 2561 Festum
1374 2526 1415 2560 in
1452 2525 1592 2560 ordina·

964 2585 1036 2618 rius
1063 2581 1187 2628 ibique
1213 2578 1411 2616 Diu-,crium
1439 2593 1475 2628 p.
1498 2589 1590 2623 312.

970 2646 1031 2681 ¹5·
1060 2643 1119 2683 14.
1177 2638 1247 2671 Pro
1277 2648 1319 2670 eo
1348 2636 1481 2672 Livius
1514 2636 1591 2677 fere

966 2705 1088 2741 cogere
1113 2694 1149 2728 in
1169 2692 1325 2728 ordinem
1345 2691 1453 2731 dicit,
1482 2702 1591 2739 quem
