1656 2990
567 228 1028 277 PRAEFATIO.
1327 242 1467 276 xmn

116 355 251 407 ‘solis
289 357 593 408 auotoribus
626 356 834 423 aliquid
870 351 1114 413 conceffi,
1165 366 1350 406 contra
1388 372 1472 404 ce-

124 457 370 499 terorum
401 447 613 498 testium
642 446 844 506 fidem,
913 446 1108 496 erroris
1149 443 1300 495 causa
1335 445 1470 496 adeo

122 537 399 588 manifesta
432 540 571 590 mihi
609 539 919 596 videbatur,
981 547 1045 588 ut
1078 538 1168 586 vel
1201 542 1471 599 conjectu-

121 645 212 678 :rae
257 630 736 697 obtemperandum
775 628 907 678 effet.
1023 629 1268 678 Alterum
1306 628 1472 678 Codi-

119 734 268 778 cem,
307 737 336 768 a
360 738 447 771 me
475 723 652 787 primo
683 722 937 770 collatum
961 736 1114 778 eum,
1153 719 1473 769 conciliante

125 807 359 869 Wolfio,
419 813 506 862 cui
540 813 762 878 quidem
791 813 912 861 viro
947 821 1000 858 et
1035 827 1133 875 ego
1167 820 1220 858 et
1257 810 1475 878 Quinti-

122 898 300 949 lianus
332 917 483 950 meus
524 920 639 952 non
670 914 845 952 unum
881 901 987 950 hoc
1020 898 1344 950 beneficium
1382 899 1474 948 de-

122 986 336 1048 bemus,
373 1009 587 1041 mecum
612 991 1032 1042 communicavit
1054 993 1352 1055 Langerus,
1393 989 1477 1038 dj-

30 1080 38 1084 ’
118 1078 389 1143 gniffimus
416 1085 597 1148 magni
620 1081 866 1148 Leffingii
883 1082 944 1129 in
963 1080 1290 1129 bibliotheca
1312 1082 1477 1129 Guel-

120 1165 401 1236 ferbytana
460 1171 740 1230 successor,
836 1171 934 1237 qui
999 1172 1168 1220 nullis
1231 1188 1477 1236 unquam

116 1260 254 1309 -meis
299 1263 820 1327 percontationibus,
898 1262 1134 1310 nimium
1179 1259 1478 1327 frequenti-

117 1349 222 1401 bus
240 1349 413 1402 fateor
433 1363 485 1401 et
509 1354 786 1419 improbis,
823 1351 1034 1418 fatigari
1054 1351 1108 1400 se
1131 1351 1276 1418 poffe
1302 1350 1477 1402 osten-

118 1440 217 1490 dit.
310 1445 514 1494 Docuit
549 1460 635 1492 me
676 1442 831 1491 [1111111
870 1443 957 1491 vir
1003 1442 1348 1502 doctiffimus,
1408 1444 1477 1492 li-

122 1531 285 1582 brum
313 1533 487 1592 hunc,
546 1535 605 1583 in
647 1534 795 1582 Italia
834 1531 1115 1598 scriptum,
1169 1532 1264 1582 fibi
1297 1534 1476 1583 videri

122 1635 444 1688 procurante
474 1625 703 1674 Nicolao
737 1622 954 1673 Heinfio
991 1625 1190 1689 pluteis
1230 1624 1476 1673 Guelfer-

124 1713 338 1779 bytanis
376 1715 611 1773 illatum,
666 1731 793 1763 cum
837 1715 1077 1780 primum
1118 1715 1476 1764 bibliothecae

125 1802 357 1852 Budenfi
407 1805 547 1870 regis
593 1805 854 1854 Matthiae
904 1805 1132 1853 Corvini
1174 1806 1478 1855 Florentiae

121 1891 252 1942 effet
304 1893 617 1952 adornatus,
699 1910 878 1959 neque
931 1904 1109 1942 tamen
1162 1893 1342 1944 miffus
1394 1912 1476 1953 eo,

55 1990 61 1993 ’
130 1985 389 2048 quoniam
437 1985 679 2050 picturae
736 1998 766 2031 a
818 1985 1172 2033 miniatorum
1230 1986 1480 2035 manibus

131 2073 382 2123 nondum
416 2072 576 2122 effent
613 2072 888 2140 appositae.
967 2075 1110 2123 Huic
1150 2086 1327 2125 autem
1365 2077 1481 2142 regi

133 2166 181 2212 T
182 2162 452 2212 haddaeus
491 2165 749 2230 Ugoletus
789 2144 1076 2214 Parmensss
1112 2166 1279 2215 libros
1324 2183 1480 2216 orna-

132 2239 421 2320 mentaque
459 2254 560 2302 alia
601 2256 898 2305 Florentiae
940 2255 1282 2320 procurabat,
1353 2272 1479 2304 cum

131 2342 387 2392 scribebat
415 2346 484 2403 is,
540 2347 638 2410 qui
666 2357 867 2405 narrat,
919 2345 1155 2411 Angelus
1184 2346 1480 2395 Politianus

131 2432 602 2485 Miscellaneorum
635 2438 802 2502 capite
841 2450 925 2493 25.
966 2454 1017 2502 p.
1043 2441 1130 2494 56.
1180 2439 1293 2485 Fac.
1326 2438 1477 2485 Grut.

134 2526 251 2574 Vol.
288 2544 331 2574 1.
428 2529 505 2575 lta
535 2525 652 2576 satis
688 2526 747 2575 fit
782 2526 1058 2593 probabile
1092 2526 1351 2577 Codicem
1379 2543 1480 2576 no-

138 2613 304 2664 strum
338 2633 367 2664 a
407 2615 695 2667 doctiffimo
727 2618 832 2666 hoc
870 2618 992 2667 viro
1031 2614 1184 2666 fuiffe
1220 2628 1478 2674 curatum,

138 2721 250 2772 quo
297 2723 410 2757 non
453 2724 617 2774 parva
657 2706 756 2775 ipsi
798 2707 997 2757 accedit
1038 2710 1343 2766 auctoritas,
1419 2709 1480 2756 in
