1656 2990
316 203 484 250 1NST.
523 203 801 251 ORATOR.
836 203 958 248 LIB.
993 203 1087 259 ΙΙΙ,
1124 212 1171 268 87·
1319 210 1415 263 579

42 396 43 404 ἵ
78 331 399 400 plerumque
430 329 742 379 nominibus
776 327 985 378 deflecti
1017 326 1199 378 solent.
1271 327 1417 379 Nam

79 420 135 458 et
151 408 348 458 utilitas
376 405 485 472 ipsa
517 416 847 472 expugnatur
871 406 935 456 ab
962 406 1053 464 iis,
1094 406 1191 471 qui
1212 403 1416 465 dicunt,

77 503 194 536 non
214 483 390 534 solum
407 484 618 548 potiora
647 481 744 531 effe
770 481 1013 541 honesta,
1052 499 1212 548 quarn
1246 483 1416 541 utilia,

80 561 172 611 sed
199 578 269 610 ne
300 560 453 609 utilia
482 560 703 626 quidem
729 557 854 619 effe,
895 577 1030 626 quae
1058 577 1170 610 non
1197 557 1294 608 sint
1316 560 1414 610 ho·-

0 635 256 698 2'79nesta:
316 647 371 686 et
409 648 616 695 contra,
663 636 814 702 quod
846 654 943 687 nos
974 635 1283 695 honestum,
1335 637 1420 686 illi

81 710 300 772 vanum,
334 713 688 772 ambitiosum,
719 713 990 778 stolidum,
1029 714 1221 771 verbis,
1258 731 1420 779 quam

81 809 170 851 re,
219 791 550 857 probabilius
577 802 782 842 vocant.
874 793 990 839 Nec
1018 800 1225 841 tantum
1253 792 1418 840 inuti-
1430 818 1483 855 35

80 869 222 919 libus
245 878 618 933 comparantur
641 869 808 926 utilia,
847 866 938 917 sed
963 869 1103 917 inter
1122 866 1174 916 se
1198 884 1419 933 quoque

81 944 221 1012 ipsa:
285 955 347 994 ut
379 942 416 992 fi
449 961 514 993 ex
544 944 758 995 duobus
793 945 1048 1011 eligamus
1066 982 1079 1002 ‚
1144 946 1204 993 in
1240 946 1420 1004 altero,

84 1021 222 1088 quid
259 1019 318 1069 fit
361 1023 550 1086 magis,
612 1023 672 1070 in
709 1022 900 1080 altero,
964 1022 1098 1086 quid
1133 1020 1194 1070 fit
1225 1023 1419 1070 minus.

86 1097 283 1150 Crescit
318 1098 422 1148 hoc
462 1098 650 1147 adhuc.
754 1101 897 1147 Nam
936 1099 1154 1147 interim
1192 1086 1426 1163 triplices

86 1177 246 1225 etiam
273 1173 532 1224 suasoriae
562 1173 838 1224 incidunt:
887 1186 952 1225 ut
989 1192 1112 1224 cum
1141 1178 1426 1242 Pompejus

151 1343 417 1382 >expugnatum
475 1331 602 1368 Turio.
619 1342 804 1380 pugnatur
827 1331 883 1367 sed
905 1331 1086 1381 impositis
1107 1333 1249 1380 primae
1271 1332 1428 1380 syllabae

85 1389 183 1428 hisce
210 1389 346 1424 literis:
377 1402 438 1436 op.
504 1390 610 1424 Hanc
630 1389 746 1436 ipsam
775 1388 991 1436 scripturam
1019 1389 1233 1437 praeferunt
1257 1393 1366 1425 Bern.
1389 1401 1427 1426 et

89 1447 182 1485 Obr.
204 1445 356 1493 Reliqui
373 1445 542 1482 nostram,
560 1457 653 1491 quae
664 1445 743 1479 sane
755 1444 920 1492 praestat.
952 1446 1192 1492 Expugnatur
1203 1447 1301 1480 enim
1314 1449 1429 1483 inter-

88 1513 255 1554 pretare:
285 1503 445 1540 vincitur,
468 1499 673 1548 superatur,
701 1512 788 1548 prae
811 1512 885 1546 quo
906 1512 1034 1547 parum
1055 1500 1103 1535 est
1123 1514 1369 1550 oppugnatur.

173 1559 219 1594 ab
246 1559 301 1594 iis.
360 1556 484 1593 Guelf.
513 1565 550 1590 et
579 1555 693 1591 Goth.
723 1559 818 1602 (tac.
843 1556 982 1600 Gesn.)
1010 1557 1056 1591 ab
1086 1557 1159 1596 his,
1190 1559 1290 1605 quod
1319 1559 1428 1607 possig

91 1614 256 1665 placere,
282 1613 456 1662 quoniam
484 1614 689 1661 opponitur
710 1623 833 1647 contra
850 1631 904 1640 --
927 1611 993 1647 ἰΙΙί.
1050 1612 1122 1646 Sed
1142 1626 1262 1661 neque
1280 1615 1351 1650 hoc
1370 1628 1431 1650 ne-

93 1671 283 1707 ceffarium
297 1679 334 1704 et
350 1681 561 1718 pronomen
582 1671 611 1703 is
629 1668 723 1704 solet
739 1668 841 1717 poni,
871 1680 956 1703 cum
977 1668 1016 1702 in
1033 1669 1265 1715 [equentibus
1277 1671 1430 1708 demum

91 1727 339 1779 designantur,
365 1725 410 1760 de
433 1725 569 1773 quibus
590 1725 735 1776 agitur3
769 1736 862 1772 quae
882 1723 992 1775 hujus
1010 1723 1085 1758 loci
1105 1725 1153 1760 est
1173 1727 1280 1762 ratio.

181 1798 214 1834 q.
243 1797 277 1818 n.
293 1781 371 1832 fint
401 1782 481 1817 hon.
541 1780 665 1817 Guelf.
696 1795 729 1830 q.
759 1795 793 1816 n.
819 1779 907 1828 sunt
937 1781 972 1815 h.
1016 1793 1100 1815 cum
1133 1782 1248 1818 Goth.
1283 1794 1319 1819 et
1348 1783 1431 1820 edd.

94 1849 178 1876 ante
198 1841 314 1875 Stoer.
334 1838 426 1874 meis
455 1836 642 1873 omnibus.
701 1838 835 1884 Neque
858 1846 981 1871 tamen
1000 1836 1109 1873 bonis
1133 1838 1251 1875 Codd.
1274 1842 1433 1875 auctori.

93 1895 164 1932 bus
186 1907 306 1931 carere
337 1893 493 1929 nostram
514 1903 619 1942 puto.
899 1902 939 1928 ut
958 1891 997 1942 fi
1024 1907 1072 1928 ex
1095 1892 1201 1931 duob.
1260 1896 1361 1931 Alm.
1392 1909 1431 1934 ut

87 1950 126 2005 fi
153 1953 260 1988 duob.
291 1963 376 1986 cum
398 1950 524 1987 Turio.
543 1950 609 1984 nisi
628 1948 730 1997 quod
749 1948 811 1983 hic
827 1949 1041 1997 impositum
1070 1947 1120 1994 τῷ
1145 1951 1250 1987 duob.
1270 1952 1380 1988 habet
1399 1967 1431 1989 o.

95 2011 146 2044 Et
168 2010 225 2048 fic,
253 2022 274 2044 e
296 2019 373 2041 non
392 2021 458 2045 ex,
488 2006 600 2042 Goth.
619 2007 714 2044 Jens.
740 2008 760 2050 χ(
772 2017 836 2039 tac.
859 2005 994 2049 Gesn.)
1023 2018 1108 2040 cum
1129 2007 1210 2042 edd.
1232 2009 1326 2043 meis
1347 2019 1432 2045 ante

96 2067 214 2100 Stoer.
247 2062 444 2102 omnibus,
481 2072 625 2111 praeter
648 2061 733 2097 Ald.
763 2071 799 2096 et
826 2062 905 2097 Bas.
938 2071 1105 2109 utraque.
1171 2064 1217 2100 Ut
1246 2079 1294 2101 ex
1323 2065 1432 2102 duob,

95 2119 298 2172 om111‘ofi.
326 2131 497 2156 meorum
526 2119 595 2154 soli
620 2120 738 2154 Stoer.
769 2117 929 2154 Chouet.
962 2117 1070 2154 Leia.

154 2254 353 2290 nominibus
370 2253 524 2299 deflecti.
558 2253 640 2291 Jam
657 2263 736 2287 non.
846 2254 883 2287 ἰη
897 2251 1013 2288 altero
1033 2271 1090 2279 --
1111 2254 1147 2287 ἱη
1167 2252 1295 2289 altero.
1324 2251 1435 2290 Utili-

98 2309 214 2350 dura,
253 2308 453 2359 periculosa
482 2308 734 2358 appellantium
788 2306 860 2344 bus
879 2328 933 2337 -—
954 2308 1167 2344 inutilibus.

70 2363 81 2394 -’
99 2378 194 2414 quae
211 2365 351 2417 vulgo,
381 2364 439 2400 sed
464 2363 647 2413 gloriosa,
675 2378 736 2413 ge-

17 2421 24 2426 ’
101 2420 239 2471 noo-osa.
266 2432 303 2457 et
321 2423 368 2457 fic
387 2421 428 2457 in
445 2420 606 2472 singulis.
636 2421 682 2456 cf.
698 2430 735 2465 5,
776 2419 780 2423 ’
847 2420 1052 2468 pompejus.
1124 2418 1206 2455 Post
1266 2434 1432 2472 pugnam

105 2486 143 2522 7,
174 2485 240 2521 25.
794 2475 1054 2514 Pharsalicam,
1103 2489 1142 2511 v.
1176 2476 1360 2512 Plutarch.
1393 2478 1435 2512 in

58 2542 59 2545 ’
158 2534 205 2569 ab
226 2536 269 2569 iis
285 2553 340 2561 —
361 2543 484 2568 contra
501 2549 557 2561 --
576 2533 643 2568 illi.
671 2534 739 2568 Be·
793 2534 923 2580 Pomp.
955 2544 991 2579 p.
1018 2531 1112 2579 659.
1153 2534 1196 2567 E.
1218 2535 1260 2568 F.
1284 2533 1362 2569 660
1386 2538 1432 2570 A.

104 2602 152 2625 ne
186 2599 314 2624 monet
353 2587 521 2624 Gallaeus
561 2588 740 2640 designari
794 2588 887 2622 item
916 2589 1054 2622 Lucan.
1084 2593 1131 2633 8,
1160 2589 1239 2632 256
1264 2609 1319 2619 —-
1338 2598 1434 2638 455.

106 2645 248 2682 stoicos
267 2655 304 2680 et
320 2645 536 2693 Epicureos.
795 2656 889 2690 quae
926 2643 999 2691 ipsa
1027 2645 1180 2678 suasoria
1212 2645 1277 2685 est,
1316 2657 1438 2682 orato-

74 2693 81 2700 ’
162 2699 396 2750 ambitiosum.
436 2699 515 2735 vid.
535 2710 614 2736 not.
637 2699 682 2736 ad
705 2713 740 2740 ι,
795 2712 876 2734 rem
905 2699 1021 2753 magis
1051 2712 1162 2749 quam
1180 2711 1329 2751 poetam
1354 2714 1440 2752 pro.

109 2765 147 2797 2,
177 2765 244 2793 22.
798 2754 900 2790 dens.

856 2811 983 2848 ΟοΩ7
