1656 2990
315 301 390 347 xx
750 284 1193 329 PRAEFA'sm.

317 407 462 467 fices,
508 404 622 472 post
647 421 874 468 quorum
907 415 1120 454 aetatem
1145 423 1267 454 cum
1297 408 1452 455 novis
1489 408 1627 456 curis

318 496 489 543 adhuc
522 494 742 541 caruerit
771 493 1123 559 Quintilianus
1140 532 1153 552 ,
1193 494 1521 543 efficiendum
1557 494 1628 543 est

317 581 520 647 aliquid
540 584 596 628 in
624 581 724 629 hoc
746 596 949 643 genere,
989 598 1094 644 quo
1119 592 1169 628 et
1190 584 1484 647 aequalium
1510 585 1645 632 tuo?

315 687 438 720 rum
487 668 751 716 desideriis
799 678 848 714 et
897 666 1215 718 decessorum
1264 669 1630 718 existimationi

315 756 599 805 satisfacere
631 755 868 804 videaris.
965 745 1135 815 Huius
1173 758 1419 821 equidem
1458 768 1629 806 tantae

316 845 687 909 expectationis
718 861 958 909 magnam
983 855 1181 907 partem
1214 862 1242 892 a
1267 856 1460 894 memet
1488 862 1630 894 amo-

314 934 425 989 liri,
475 933 685 996 alioque
716 949 800 982 me
833 933 966 997 pede
999 932 1325 980 metiendum
1362 933 1628 982 ostendere

315 1021 555 1070 conabor.
652 1025 767 1088 Qua
803 1019 1130 1068 excusatione
1169 1019 1245 1068 usi
1281 1019 1402 1069 sunt
1438 1020 1630 1070 summi

314 1110 435 1166 viri,
477 1109 730 1166 Lucilius,
769 1110 969 1165 Cicero,
1006 1110 1221 1164 Plinius,
1264 1125 1423 1172 neque
1458 1108 1522 1157 ab
1555 1113 1627 1157 in-

314 1188 601 1266 cloccffmis
624 1193 692 1268 se
722 1215 884 1261 neque
917 1195 980 1244 ab
1015 1189 1302 1266 docc‘qfinzis
1338 1197 1446 1264 legi
1479 1197 1627 1254 velle,

314 1285 496 1333 eadem
528 1284 664 1333 mihi
691 1295 866 1349 parata
893 1283 977 1331 est.
1052 1286 1193 1331 Nam
1224 1301 1320 1332 nec
1355 1301 1451 1349 ego
1479 1289 1630 1342 „Per-

314 1371 481 1431 „sium
518 1389 646 1421 curo
682 1375 899 1437 legere.“
989 1376 1131 1440 Quot
1164 1374 1305 1420 enim
1332 1385 1382 1421 et
1409 1385 1629 1438 quantae

312 1448 410 1518 res,
450 1460 487 1509 si
508 1461 632 1509 tales
657 1463 832 1511 animo
861 1460 1199 1525 concepissem
1217 1462 1447 1519 lectores,
1485 1472 1631 1510 erant

311 1548 586 1614 ponendae
615 1551 673 1596 in
702 1542 1036 1598 annotatione
1059 1566 1187 1606 mea,
1228 1565 1352 1613 quas
1376 1549 1497 1598 dare
1519 1567 1630 1599 non

311 1641 490 1702 potui,
536 1648 668 1700 quot
709 1649 887 1687 contra
926 1638 1243 1686 omittendae
1285 1655 1411 1702 quas
1452 1637 1630 1686 attuli!

311 1727 383 1774 Ut
417 1724 728 1790 copiosiores
756 1724 962 1774 fortasse
998 1736 1113 1775 tum
1147 1725 1270 1774 facti
1302 1724 1458 1775 essent
1488 1743 1629 1776 com-

310 1814 556 1863 mentarii
584 1815 692 1863 mei
725 1815 782 1862 in
809 1831 866 1863 re
889 1815 1095 1872 Critica,
1137 1816 1207 1862 ita
1237 1817 1295 1862 in
1328 1825 1451 1863 toto¹
1471 1830 1628 1879 opere

312 1919 424 1950 non
458 1901 646 1950 dubito
685 1901 1012 1966 quin-longe
1053 1903 1429 1950 contractiores.
1527 1900 1628 1950 Sed

311 2005 408 2053 ego
442 1991 638 2037 tirones
664 1989 865 2052 potiuS,
922 1988 1115 2051 quibus
1155 1988 1445 2046 scriberem,
1486 1988 1628 2054 apud

311 2078 549 2124 animum
583 2091 764 2125 meum
806 2075 1061 2141 proposui
1073 2094 1087 2134 ;
1142 2077 1401 2137 ejusmodi
1440 2087 1628 2134 tamen,

289 2165 406 2228 qui
451 2181 564 2212 non
611 2161 769 2211 essent
814 2162 1155 2213 indoctiffimi.
1274 2169 1420 2231 Opus
1460 2175 1629 2212 tantae

312 2252 699 2316 amplitudinis,
753 2262 973 2316 quantae
1011 2251 1130 2301 sunt
1168 2254 1426 2302 rhetorica
1463 2254 1629 2321 Quin-

313 2341 509 2397 tiliani,
557 2342 823 2405 integrum
846 2339 1157 2390 scholasticis
1184 2342 1498 2391 lectionibus
1530 2352 1628 2390 tra-

313 2429 439 2474 ctari
469 2427 634 2492 poss'e,
673 2445 857 2486 nemo,
896 2430 1114 2492 opinor,
1157 2429 1252 2478 fibi
1285 2428 1625 2495 persuadebit.

314 2519 643 2582 Quapropter
695 2519 753 2564 in
805 2518 1048 2566 conclave
1098 2517 1311 2566 studiosi
1360 2517 1628 2578 cujusdam

313 2604 489 2650 animo
539 2588 641 2650 me·
665 2606 893 2662 contuli,
960 2607 1044 2653 cui
1086 2606 1281 2669 legenti
1327 2606 1538 2654 astarem
1575 2615 1626 2652 et

312 2706 397 2747 ea,
452 2706 585 2754 quae
624 2693 682 2739 in
720 2695 877 2741 variis
919 2694 1065 2741 libris
1115 2693 1180 2741 ad
1222 2693 1624 2759 intelligendum
