1656 2990
295 177 459 222 INST.
497 175 775 222 ORATOR.
813 174 936 220 Lm.
971 173 1069 231 111,
1104 184 1152 228 a.
1293 176 1393 232 603

56 301 287 354 consiliis
322 303 540 367 abrupta
568 302 749 360 initia,
806 311 863 350 et
897 299 1209 350 concitatius
1242 295 1394 365 saepe

54 381 115 428 in
148 379 360 440 iudiciis
393 379 622 437 dictum,
664 389 714 427 et
743 377 904 428 verba
937 388 1106 443 aptata
1139 376 1299 427 rebus
1333 377 1394 424 in

55 455 290 522 utro-que
316 473 535 522 genere,
574 466 626 504 et
651 441 922 504 breviores
949 453 1239 520 aliquando
1271 470 1395 502 cau-

55 531 231 582 sarum
266 535 555 591 orationes,
613 549 775 599 quam
817 530 1206 582 sententiarum.
1302 531 1391 579 Ne
1403 531 1455 584 69

18 651 22 654 ,
54 610 147 657 illa
179 609 398 674 quidem
423 611 482 658 in
513 610 597 659 his
617 611 748 658 vitia
780 608 1156 674 deprehendet,
1197 607 1398 673 quibus

56 685 277 751 quidam
311 686 684 736 declamatores
707 686 972 744 laborant,
1008 685 1158 751 quod
1189 695 1240 734 et
1270 701 1398 734 con-

54 772 135 811 tra
177 761 523 813 sentientibus
561 763 852 812 inhumane
894 764 1283 820 conviciantur,
1344 771 1396 808 et

53 839 127 887 ita
155 840 476 905 plerumque
514 840 729 898 dicunt,
781 850 1033 904 tanquam
1061 839 1125 894 ab
1155 840 1248 896 iis,
1298 838 1398 904 qui

0 930 46 978 37
59 915 382 975 deliberant,
434 918 623 983 utique
662 914 987 965 dissentiant:
1036 916 1269 981 ideoque
1302 915 1398 964 ob·-

53 993 386 1059 jurgantibus
426 993 703 1043 similiores
742 992 888 1052 sunt,
934 1010 1093 1058 quam
1128 991 1398 1042 suadenti-

53 1069 168 1119 bus.
262 1073 403 1119 Haec
447 1069 797 1122 adolescentes
842 1069 939 1119 fibi
987 1069 1174 1135 scripta
1216 1067 1458 1127 sciant,70

54 1163 124 1195 ne
153 1146 304 1195 aliter
335 1164 497 1212 quam
527 1146 725 1196 dicturi
755 1146 906 1206 sunt,
947 1147 1178 1195 exerceri
1208 1147 1398 1204 velint,

46 1233 108 1273 ‘et
127 1224 187 1273 in
209 1221 571 1275 desuescendis
596 1235 890 1275 morentur.
970 1224 1238 1281 Ceterum,
1273 1239 1399 1272 cum

136 1399 250 1450 saepe
269 1404 307 1439 in
322 1402 479 1448 judiciis.
536 1404 644 1440 cetu.
668 1401 713 1440 de
734 1405 946 1451 conjectura
972 1402 1125 1440 suadens
1155 1416 1261 1454 quam
1287 1402 1402 1440 inseri

56 1455 138 1505 post
160 1456 295 1505 saepo,
324 1457 425 1494 aliud
450 1453 593 1510 agebat.
646 1460 693 1495 cf.
714 1471 791 1495 not.
813 1472 918 1511 exeg.

143 1513 348 1562 aliquando.
406 1514 466 1549 Sic
496 1515 622 1550 Turio.
663 1515 786 1551 Guelf.
832 1515 948 1551 Goth.
985 1515 1082 1554 Jens.
1122 1517 1141 1561 s
1151 1525 1218 1550 tac.
1260 1514 1400 1559 Gesn.)

61 1582 147 1607 cum
167 1568 248 1603 edd.
271 1579 354 1605 ante
372 1571 489 1605 Stoer.
511 1572 603 1606 meis
625 1571 801 1607 omnibus
831 1572 898 1619 qui
915 1571 1062 1620 primus
1083 1571 1282 1620 aliquanto.
1329 1573 1404 1606 Re-

60 1634 244 1660 vocarunt
271 1625 428 1660 nostram
453 1626 545 1663 Obr.
583 1628 641 1672 (in
664 1628 983 1662 emendationibus
1004 1627 1182 1675 repetitae
1207 1625 1402 1677 lectionis)

57 1679 160 1717 Roll.
183 1682 339 1729 Capper.
359 1683 406 1717 cf.
427 1692 507 1718 not.
530 1696 635 1734 exeg.
693 1684 888 1732 Aliquanto
905 1683 1067 1718 nimium
1090 1692 1188 1722 erat,
1218 1682 1297 1718 vid.
1317 1693 1400 1718 not.

60 1749 163 1788 cxeg.
188 1737 232 1772 ad
252 1739 284 1782 ᾖ.
309 1747 375 1786 39.
615 1738 807 1790 similiores
818 1738 907 1788 sunt
926 1753 1044 1789 quam.
1102 1738 1229 1774 Turio.
1252 1739 1400 1775 omittit

17 1807 21 1823 ἱ
52 1792 164 1843 sunt,
204 1793 307 1842 quod
330 1807 445 1842 paene
477 1808 699 1845 receperam.
755 1795 826 1831 Sed
856 1795 982 1831 nullus
1014 1794 1112 1831 liber
1138 1794 1297 1835 addicit,
1336 1809 1399 1831 ne-

60 1861 133 1898 que
167 1850 209 1884 in
238 1849 351 1886 altera
378 1849 574 1886 collatione
601 1861 831 1887 memoratur
859 1851 1015 1887 omiffio.

145 1906 275 1942 dicturi
295 1904 397 1955 sune.
454 1908 516 1942 Sic
534 1908 661 1943 Turic.
681 1907 780 1944 Alm.
801 1907 925 1943 Guelf.
974 1906 1127 1955 Reliqui
1146 1907 1182 1942 d.
1195 1905 1285 1957 fint.
1330 1908 1401 1943 Sed

60 1961 110 1996 est
139 1962 251 2010 ipsius
283 1962 507 2010 Quintiliani
537 1964 781 2013 praedicentis
818 1964 958 2005 oratio,
1019 1977 1113 2013 quae
1151 1962 1399 2002 indioetivum

59 2017 188 2068 poscit.

119 2172 570 2216 breviores—geratione&
601 2176 702 2222 Quae
758 2174 972 2225 grandibus,
1002 2173 1060 2210 sed
1070 2173 1399 2212 eandeminconfi-

63 2227 190 2279 vulgo*
202 2238 375 2278 tanquam
394 2231 545 2279 propria
567 2233 704 2267 senten·
758 2230 820 2265 liis
856 2243 926 2279 pro
964 2243 1006 2265 re
1041 2241 1126 2265 nata
1169 2231 1398 2272 varietatem,

64 2285 150 2324 tiis,
178 2285 216 2320 11.
236 2298 267 2321 e.
301 2287 488 2326 suasoriis,
525 2287 705 2334 jactaban-
759 2287 945 2322 orationes
973 2287 1013 2321 in
1039 2287 1189 2335 judiciis
1208 2286 1400 2323 breviores

0 2355 2 2358 ·
64 2350 152 2380 tur,
193 2354 232 2376 ea
260 2341 400 2393 singula
430 2355 513 2378 cum
540 2344 581 2377 in
609 2343 706 2390 judi-
760 2355 872 2391 quam
890 2344 931 2377 in
951 2342 1111 2378 consiliis
1131 2343 1183 2389 (ᾗ.
1204 2345 1289 2389 58).
1325 2346 1407 2381 Ne-·

67 2395 151 2432 ciali
179 2409 328 2445 quoque
366 2411 498 2449 genere
518 2398 704 2445 inveniri,
761 2412 834 2446 que
881 2409 1005 2434 tamen
1051 2398 1191 2446 ubique
1230 2411 1310 2434 rem
1348 2401 1402 2435 ita

66 2461 150 2486 tum
179 2452 293 2489 abeffe
316 2468 337 2488 a
361 2454 604 2490 deliberativo
624 2467 707 2490 mo·
762 2465 1008 2503 comparatam
1028 2454 1097 2490 effe
1115 2455 1310 2506 fignificat,
1337 2469 1402 2492 ve-

66 2517 150 2543 net:
186 2508 298 2544 Initia
315 2522 391 2545 non
412 2509 566 2559 abrupta
585 2512 624 2546 in
646 2510 707 2546 de·
760 2523 848 2545 rum
867 2512 1075 2561 aliquando,
1095 2511 1133 2546 h.
1147 2523 1178 2546 e.
1199 2511 1404 2549 interdum.-

66 2561 304 2605 liberatione,
353 2566 637 2602 concitationem
666 2567 707 2601 in
761 2567 842 2603 vid.
862 2577 945 2602 not.
967 2567 1011 2602 ad
1032 2578 1068 2607 2,
1098 2573 1136 2615 4,
1167 2577 1232 2616 59.

67 2618 217 2666 judiciis
235 2623 413 2668 majorem
434 2635 543 2670 quam
565 2624 605 2658 in
624 2633 709 2659 con·
1052 2630 1066 2639 ³

68 2673 157 2711 filiis
188 2679 206 2722 (
217 2677 248 2720 §.
271 2677 372 2724 60),
411 2677 524 2714 verba
551 2679 711 2715 humilia
819 2678 1200 2731 similiores—quam·
1231 2680 1404 2723 vidam·

70 2730 112 2766 iu
130 2731 338 2770 humilibus
357 2736 478 2776 causis,
507 2736 710 2788 graudiain
769 2736 877 2772 Criu·
