1656 2990
229 200 326 245 3-50
537 192 611 238 M.
644 193 776 238 ΕΑΒ.
813 194 1221 254 ρυῑΝΤΙῌΑΝῙ

227 314 323 378 qui
342 311 500 362 finem
525 317 634 374 ejus
653 311 748 361 effe
767 315 836 361 ait
851 310 1247 385 persuqfibilicer
1263 320 1449 380 dicere,
1480 332 1533 371 et

226 389 363 445 aliis,
403 389 496 450 qui
529 388 744 436 eandem
777 387 1078 438 sententiam
1108 409 1218 440 non
1248 394 1433 461 iisdem
1459 407 1533 444 ta·-

226 479 350 511 men
386 463 557 511 verbis
589 465 843 528 explicant
889 481 944 511 ac
986 464 1145 514 finem
1182 466 1277 516 effe
1316 469 1532 519 demon-

227 536 410 593 Ibant,
448 538 639 594 dicere,
684 556 815 602 quae
837 550 1073 602 oporteat
1100 546 1287 600 omnia,
1324 545 1398 592 ad
1413 561 1536 608 per-

211 608 553 682 suadendum,
591 611 704 661 satis
724 613 1026 678 responsmn
1043 615 1137 673 est,
1177 635 1299 665 cum
1319 615 1535 689 persua-

226 688 348 734 dete
392 705 502 735 non
546 698 748 736 tantum
794 692 1008 738 oratoris
1058 689 1154 738 effe
1195 694 1533 742 convicimus.

169 777 219 815 15
231 761 420 810 Addita
438 761 557 811 sunt
573 763 656 812 his
675 764 771 811 alia
790 781 824 811 v
829 766 944 812 arie.
994 766 1224 832 Quidam
1242 769 1383 815 enim
1403 772 1536 816 circa

226 854 307 885 res
338 855 527 895 omnes,
566 838 780 902 quidam
811 843 942 887 circa
966 841 1136 888 civiles
1162 842 1323 891 modo
1344 842 1536 891 versari

227 911 502 961 rhetoricen
521 924 862 977 putaverunt:
905 933 1135 978 quorum
1155 920 1329 966 verius
1355 928 1536 967 utrum

226 987 311 1044 fit,
346 990 404 1036 in
422 1006 483 1037 θ’)
506 990 640 1046 loco,
662 990 755 1053 qui
773 989 930 1048 huius
954 990 1264 1054 quaestionis
1289 994 1535 1057 proprius

165 1061 320 1119 :Gest‚
364 1063 544 1111 dicam.
624 1066 810 1112 Omnia
832 1063 1091 1125 subjeciss'e
1110 1069 1302 1116 oratori
1321 1068 1535 1116 videtur

221 1137 541 1196 Aristoteles,
582 1157 702 1188 cum
723 1140 875 1196 dixit,
915 1144 1018 1189 vim
1042 1137 1143 1212 effe
1162 1143 1377 1199 dicendi,
1411 1143 1536 1206 quid

221 1217 274 1262 in
295 1232 496 1278 quaque
519 1231 574 1262 re
590 1207 744 1283 poſjlt
762 1210 864 1286 <sse
882 1211 1224 1285 persmpfibile.
1274 1220 1339 1265 Et
1356 1220 1531 1267 Patro-
1545 1227 1618 1266 ι8ι
1649 1216 1656 1226 ’

224 1291 348 1345 cles,
390 1291 484 1352 qui
517 1307 625 1337 non
656 1289 871 1352 quidem
901 1291 1098 1351 adjicit,
1146 1295 1196 1338 in
1225 1310 1426 1356 quaque
1455 1309 1538 1340 re:
1647 1293 1651 1300 “

222 1363 312 1412 sed.
349 1365 487 1412 nihil
525 1364 858 1428 excipiendo,
902 1365 1044 1412 idem
1083 1365 1318 1414 ostendit.
1414 1369 1537 1416 Vim

303 1484 374 1506 non
403 1471 523 1506 iisdem
555 1482 680 1506 tamen.
735 1473 791 1505 Ita
811 1471 923 1506 Goth.
948 1475 1042 1517 (tac.
1068 1473 1200 1515 Gesn.)
1232 1473 1299 1507 nifi
1318 1473 1418 1519 quod
1440 1482 1536 1508 ante-

221 1527 336 1563 vertit
357 1537 482 1561 tamen.
510 1538 592 1560 cum
612 1526 709 1563 Voff.
732 1537 766 1560 2.
824 1527 962 1576 Regius
983 1536 1018 1561 et
1035 1526 1108 1574 ipse
1126 1538 1242 1562 tamen
1261 1529 1415 1566 invenit,
1434 1527 1534 1575 quod

221 1582 384 1617 mutavit
405 1581 443 1614 in
466 1591 604 1615 tantum
623 1591 665 1615 nt
685 1581 837 1621 melius3
867 1594 976 1628 quem
1003 1582 1213 1618 secutisunt
1236 1582 1347 1616 mul-ti
1368 1582 1533 1621 editores.
1582 1615 1586 1618 .

221 1647 266 1672 ut
286 1638 388 1672 Gesn.
404 1661 414 1674 ,
444 1645 479 1670 et
506 1636 707 1670 defendunt
739 1636 881 1683 aliquot.>
900 1636 1035 1675 codd„
1064 1637 1103 1670 in
1128 1646 1224 1671 tanta
1252 1636 1318 1672 τ’ὦν
1339 1648 1474 1673 tantum
1495 1646 1534 1673 et

222 1703 336 1728 tamen
360 1691 608 1726 fluctuatione.
667 1691 735 1725 Sed
763 1691 862 1724 aliud
883 1691 929 1725 est
947 1702 1083 1726 tantum
1104 1706 1173 1726 non
1194 1692 1257 1736 (de
1275 1705 1348 1739 quo
1367 1693 1532 1740 profecto

223 1746 405 1797 cogitabat
427 1746 589 1796 Regius)
619 1745 718 1779 aliud
742 1760 810 1781 non
833 1757 986 1786 cantum,
1015 1748 1181 1786 neutrius
1202 1757 1322 1782 autem
1342 1747 1402 1782 hic
1419 1747 1532 1786 locus.

223 1815 307 1837 cum
336 1813 436 1836 mera
462 1801 682 1838 verborum,
712 1813 786 1835 non
816 1814 960 1840 rerum,
996 1801 1181 1836 diverfitas
1205 1802 1419 1837 ostendatur.
1470 1802 1532 1837 Sic

222 1867 260 1893 et
287 1857 371 1892 Bad.
405 1857 444 1890 in
475 1866 573 1890 nota.
631 1857 723 1893 Jens.
747 1860 765 1901 (
775 1866 839 1892 tae.
863 1858 984 1901 Gesn.)
1006 1867 1122 1891 tamen
1143 1870 1228 1892 cum
1251 1857 1332 1892 edd.
1351 1867 1433 1893 ante
1454 1858 1531 1894 Bar.

222 1911 393 1948 omnibus
415 1921 556 1959 praeter
574 1913 663 1946 Loc.
685 1921 720 1946 et
742 1913 846 1946 Rufe.

221 1988 348 2024 Rhodi
366 2012 376 2026 ‚
429 1987 598 2022 audiente
648 1987 850 2021 Pofidonio.
906 1987 938 2030 §.
974 1996 1020 2030 13
1051 1986 1117 2022 ubi
1143 1996 1240 2022 recte
1269 1986 1405 2022 dicitut
1441 1989 1533 2023 inve-

220 2042 405 2078 Plutarch.
428 2042 476 2089 64
490 2056 519 2076 ι.
541 2045 583 2076 Ε.
611 2045 733 2086 „ejus“
762 2043 851 2076 refe-
904 2043 1023 2076 aiendi
1044 2052 1080 2076 et
1099 2043 1195 2090 apud
1211 2042 1316 2077 Arist.
1346 2042 1393 2076 est
1413 2039 1536 2091 θωρῆ-

221 2098 376 2134 rendum
398 2097 560 2144 profecto
579 2097 621 2130 ad
646 2099 846 2132 rhetoricen.
906 2109 977 2134 σαι.
1013 2098 1058 2131 cf.
1079 2107 1155 2132 not.
1176 2097 1267 2132 Crit.
1287 2096 1332 2132 ad
1352 2097 1385 2141 ὖ.
1398 2107 1461 2132 22.
1478 2099 1532 2133 vis

221 2153 416 2189 Tribuitur
449 2162 567 2187 tamen
602 2151 663 2186 hic
683 2153 772 2198 finis
804 2153 848 2187 ab
905 2152 1057 2187 videndi.

220 2203 447 2258 Heimagora
479 2207 634 2245 oratori,
662 2217 704 2240 ut
729 2207 850 2242 diver·
960 2208 1149 2242 Patrocles.
1170 2206 1214 2240 cf.
1231 2215 1267 2249 5,
1281 2205 1317 2245 6,
1335 2212 1400 2253 44.
1429 2207 1532 2242 Artis
1556 2210 1564 2220 '

221 2265 278 2299 sus
308 2265 350 2298 fit
381 2263 424 2298 ab
454 2263 525 2310 ipsa
555 2265 605 2298 rei
634 2263 849 2308 definitione.
906 2262 1117 2309 scriptorem
1144 2261 1269 2300 fuisse,
1297 2271 1443 2310 apparet
1467 2275 1532 2297 no-

222 2318 304 2354 vid.
345 2319 432 2354 Cur.
474 2317 756 2353 Fortunatianus
794 2331 849 2364 ap.
905 2317 966 2351 stri
988 2317 1091 2351 locis.
1153 2319 1382 2351 Memoratur
1403 2319 1537 2352 aStra-
1594 2357 1599 2362 .

204 2371 317 2409 with.
339 2387 374 2421 p.
399 2381 462 2418 58.
501 2375 543 2408 it.
567 2372 789 2422 Augustinus
813 2385 849 2420 p.
905 2371 1000 2406 bone
1029 2381 1065 2406 et
1095 2371 1214 2406 Plinio
1245 2372 1361 2416 (Hist.
1391 2381 1464 2406 nat.
1498 2371 1535 2410 6,

223 2437 303 2477 290
324 2439 360 2463 et
378 2431 473 2464 Sext.
497 2431 602 2476 Emp.
627 2441 663 2474 p.
685 2437 775 2470 501.
907 2429 978 2470 21)
1003 2427 1191 2465 Patrocles,
1223 2426 1432 2461 Indicorum
1451 2426 1536 2462 scri-

274 2487 333 2533 qui
370 2487 545 2532 proprius.
601 2485 659 2517 De
703 2485 851 2517 materia
904 2483 1231 2529 pron—praefectus
1255 2481 1362 2517 claffis
1391 2480 1529 2516 Seleuci

220 2539 421 2574 rhetorices
443 2552 472 2574 c.
498 2549 544 2573 21
576 2539 652 2584 huj.
674 2536 739 2571 lib.
905 2546 941 2570 et
959 2537 1154 2575 Antiochi,
1188 2536 1279 2570 alins
1309 2538 1387 2571 sane
1418 2549 1437 2571 a
1463 2549 1530 2571 no-

275 2597 346 2629 vim
365 2614 419 2622 -—
439 2595 584 2629 dicendi.
636 2595 848 2639 Quanquam
903 2593 984 2626 fito.
1045 2591 1210 2629 Sumam,
1233 2592 1271 2626 in
1289 2587 1528 2641 ’Anthana-9⁰5,

221 2661 347 2684 omnes
369 2649 440 2683 hoc
461 2649 547 2688 dant
577 2648 685 2685 libri,
715 2660 847 2681 verum
903 2646 999 2681 idem
1023 2659 1155 2681 nomen
1183 2648 1442 2686 recensentem,
1471 2645 1527 2681 in-

219 2713 340 2740 tamen
374 2705 441 2741 effe
471 2705 601 2752 nequit
630 2703 767 2740 dicendi
801 2702 846 2738 cf.
904 2711 960 2738 ter
1012 2711 1173 2738 oratores
1230 2701 1423 2752 Antipatro
1464 2698 1527 2742 *ab
