1656 2990
289 218 382 262 (502
598 217 673 262 M.
709 219 840 263 ΕΑΒ.
877 217 1286 280 QUINTILlANI'

285 337 428 387 Dicit
458 348 630 387 tamen
666 339 809 388 idem
848 340 913 389 de
949 340 1199 402 suasoria,
1259 343 1379 394 hoe
1396 346 1586 397 modo:

295 413 428 460 Tota
446 424 615 461 autem
633 418 794 463 oratio
809 453 822 473 ,
850 413 1076 486 simplex
1099 430 1148 466 et
1167 422 1366 487 gravis,
1404 430 1453 468 et
1465 418 1594 490 sen«

222 492 274 529 66
284 490 448 557 tentiis
469 487 615 536 debet
634 493 858 539 ornatior
880 487 996 563 effe,
1036 512 1187 557 quam
1202 492 1382 543 verbis.
1423 494 1590 544 Usum

223 584 228 588 -
282 564 644 626 exemplorum
675 567 814 613 nulli
842 568 1081 616 materiae
1108 571 1268 634 magis
1306 571 1589 619 convenire

280 637 469 686 :merito
496 637 605 687 fere
627 658 806 689 omnes
829 641 1179 701 consentiunt,
1215 661 1336 693 cum
1359 645 1590 711 plerum-

280 729 386 774 que
416 713 696 765 videantur
727 715 1036 780 respondere
1076 718 1253 767 futura
1287 721 1588 784 praeteritis,

277 786 635 853 habeaturque
676 793 1088 855 experimentum
1129 796 1273 843 velut
1320 794 1588 858 quoddam

219 869 269 915 67
282 863 496 912 rationis
525 863 893 915 testimonium.
997 869 1223 917 Brevitas
1252 885 1466 933 quoque
1496 879 1593 919 aut

277 939 430 1001 copia
453 956 564 988 non
591 957 779 1004 genere
811 943 1078 999 materiae,
1117 942 1205 992 sed.
1232 943 1392 993 modo
1409 980 1424 1001 ‚
1461 961 1588 992 con-

275 1011 418 1060 stant.
525 1016 666 1062 Nam
696 1026 755 1065 ut
785 1017 844 1064 in
876 1017 1101 1066 consiliis
1127 1020 1440 1083 plerumque
1469 1018 1588 1067 [im-

273 1089 465 1152 plicior
489 1089 719 1153 quaestio
743 1090 815 1139 est
829 1129 843 1149 ,
881 1094 954 1140 ita
973 1091 1118 1158 saepe
1136 1096 1195 1142 in
1218 1092 1376 1142 causis
1394 1094 1586 1142 minor.

273 1167 418 1228 Quae
444 1166 621 1213 omnia
650 1183 772 1214 vera
798 1164 894 1214 effe
925 1166 1074 1226 sciet,
1114 1168 1153 1216 fi
1175 1169 1303 1232 quis
1332 1185 1443 1218 non
1475 1184 1588 1225 ora-

272 1239 442 1288 tiones
463 1240 651 1298 modo‚
690 1240 780 1289 sed.
799 1242 1036 1291 historias
1066 1245 1219 1291 etiam
1249 1245 1503 1307 (namque
1525 1245 1585 1291 in

270 1313 353 1360 his
374 1316 651 1363 conciones
672 1327 827 1379 atque
848 1315 1124 1365 sententiae
1144 1319 1455 1382 plerumque
1475 1316 1586 1366 sua-

272 1388 435 1436 dendi
471 1406 526 1436 ac
569 1388 894 1438 diffuadendi
931 1390 1229 1455 funguntur
1269 1392 1471 1456 officio)
1509 1393 1584 1440 le-

271 1479 391 1526 gere
417 1464 691 1520 maluerit,
741 1482 899 1528 quam
923 1467 982 1513 in
1004 1467 1386 1517 commentariis
1409 1467 1585 1516 rheto-

210 1544 262 1588 68
275 1555 396 1587 rum
435 1537 805 1589 consenescere.
896 1542 1134 1590 Inveniet
1168 1542 1336 1599 enim,
1394 1557 1492 1590 nec
1526 1543 1585 1591 in

349 1690 438 1724 nulli
465 1691 641 1725 materiae.
700 1690 793 1725 Edd.
814 1700 894 1725 ante
916 1690 997 1726 Ald.
1017 1702 1073 1740 pr.
1095 1703 1194 1727 meae
1211 1684 1336 1726 omnes
1355 1691 1515 1727 nonnulli
1532 1705 1579 1727 m.

270 1743 367 1779 unde
397 1745 535 1796 Regius
566 1755 602 1779 ct
629 1747 734 1781 Gesn.
757 1745 895 1781 efficere
924 1746 1054 1781 malint
1083 1760 1154 1782 non
1173 1748 1238 1781 ulli
1255 1760 1322 1784 m.,
1361 1746 1416 1781 sed
1436 1755 1578 1794 recepta

268 1798 316 1834 est
335 1799 375 1834 in
393 1800 510 1835 codd.
530 1800 619 1835 meis
640 1800 758 1835 tribus
770 1825 779 1839 ,
807 1801 907 1848 quod
929 1801 972 1836 de
991 1801 1085 1839 Vall.
1107 1814 1253 1848 quoque
1270 1801 1382 1836 refert
1399 1801 1547 1838 Badius.

350 1866 414 1889 aut
433 1858 546 1902 copia.
603 1856 726 1891 Turic-
752 1870 785 1890 a.
806 1859 946 1903 copiae,
973 1856 1086 1897 male3
1116 1866 1150 1891 et
1170 1855 1277 1891 solus.

351 1910 457 1945 morlo
495 1909 661 1959 conflant.
718 1910 898 1945 Pluralem
937 1912 975 1945 in
1009 1911 1124 1946 verbo
1162 1912 1235 1946 mei
1274 1909 1390 1947 Codd.
1432 1909 1578 1946 habent·-

268 1965 365 2002 Voss'.
386 1977 511 1999 omnes
532 1965 765 2016 singularem,
795 1964 1014 2012 quibuscum
1035 1966 1172 2000 faciunt
1198 1979 1244 2000 ex
1271 1965 1360 2000 meis
1389 1965 1470 2000 edd.
1493 1965 1581 2000 Bad.

267 2030 342 2055 utr.
364 2015 473 2056 Cerv.
495 2020 638 2068 Gryph.
659 2020 756 2055 Gibs.
786 2020 804 2064 (
814 2033 887 2054 non
905 2020 1036 2064 Leid.)
1067 2021 1157 2056 Obr.
1180 2018 1274 2055 Roll.
1302 2022 1453 2067 Capper.
1474 2019 1586 2055 Blass‘s-

267 2075 361 2120 (non
384 2075 555 2121 Andres).
609 2076 768 2110 Lubrica
792 2075 942 2122 quidem
964 2076 1004 2109 in
1023 2087 1114 2110 voce
1143 2074 1300 2124 constant
1323 2075 1514 2122 disputatio
1535 2074 1581 2109 de

269 2130 386 2166 codd.
410 2130 644 2170 auctoritate3
675 2130 730 2164 sed
750 2129 937 2179 singularis
964 2131 1087 2177 potuit
1103 2130 1234 2177 reponi
1256 2128 1300 2164 ab
1321 2129 1485 2177 erudito.
1513 2129 1582 2175 qui.

266 2184 446 2233 pluralem
469 2184 548 2232 post
564 2195 628 2219 aut
648 2184 912 2229 disjunctivam
932 2197 1006 2220 non
1025 2185 1148 2220 ferret.
1206 2185 1335 2231 Neque
1355 2194 1473 2218 tamen
1485 2185 1579 2229 ejus-

266 2240 370 2274 modi
388 2240 565 2274 structura
587 2240 657 2274 suis
687 2239 865 2286 exemplis
893 2250 996 2274 caret.
1055 2240 1100 2274 cf.
1134 2242 1158 2273 ῐ.
1178 2241 1238 2274 1⁷1.
1261 2241 1504 2288 Heusingerus
1533 2238 1579 2272 ad

268 2295 345 2330 Cic.
367 2294 411 2328 de
431 2293 536 2331 Offic.
563 2307 594 2332 1,
623 2300 688 2341 41,
723 2307 781 2328 10.
1037 2293 1127 2342 sciet
1147 2291 1183 2342 fi
1203 2297 1290 2344 quis.
1348 2291 1578 2342 Turio-[cies

260 2348 297 2398 s.
325 2364 359 2400 q.
397 2362 481 2384 cum
497 2349 595 2384 Alm.
616 2349 675 2384 sed
692 2362 712 2382 a
731 2348 883 2383 secunda
902 2361 1014 2383 manu
1035 2348 1098 2384 ille
1121 2348 1223 2398 sciet.

323 2471 420 2506 Dicit
436 2491 491 2503 ψ
513 2470 613 2505 idem.
655 2469 731 2506 Cic.
751 2469 894 2505 Partitt.
950 2470 996 2504 cf.
1021 2471 1053 2514 §.
1075 2477 1138 2514 35.
1178 2470 1221 2504 it.
1243 2479 1289 2509 2,
1321 2479 1367 2503 21
1383 2493 1393 2508 ‚
1422 2477 1461 2503 2.
1515 2469 1575 2504 De

268 2524 388 2562 Orm.
417 2538 447 2560 c.
470 2535 534 2568 27.
557 2534 652 2560 extr.
948 2524 1106 2574 constant
1127 2525 1204 2559 vid.
1229 2534 1306 2559 not.
1327 2524 1417 2560 Crit.

1004 2581 1180 2615 rhetorum
1196 2581 1466 2617 commentariis,
1494 2576 1579 2613 vul·

319 2648 445 2683 genere
471 2652 528 2663 --
552 2634 670 2669 modo.
716 2633 894 2668 Posterius
949 2646 1048 2684 gates
1069 2634 1210 2685 regulas
1220 2632 1500 2670 continentibus.
1528 2632 1574 2667 cf.

265 2690 382 2739 accipe
402 2690 691 2741 magnitudinem,
713 2689 893 2726 ambitum.
950 2699 990 2734 5,
1020 2689 1056 2729 6,
1087 2699 1152 2738 59.
