1656 2990
274 202 446 236 xnvru
703 188 1145 234 PRAEFATIO.

276 310 623 370 „Mabinonii‚
663 320 713 357 et
733 309 1194 359 Benedictinorum
1216 310 1275 358 in
1295 325 1446 360 novo*
1460 323 1584 374 ope-

277 417 364 460 „re
396 399 772 463 Diplomatico,
819 409 1166 463 apparuerunt
1198 399 1345 455 tales,
1392 406 1454 446 ut
1483 398 1586 446 Co-

276 488 407 548 „dex
449 484 612 552 poffet
653 496 834 534 octavo
872 487 961 533 vel
1001 503 1144 535 nono
1186 484 1360 535 seculo
1405 469 1586 541 tribui,

277 574 447 635 „infra
477 573 820 622 undecimum
848 583 983 620 certe
1014 574 1106 621 vix
1136 563 1410 623 amandari.
1509 575 1586 622 Ex

278 665 363 722 „ul
372 665 496 711 tima
527 678 654 709 vero
696 659 906 708 Codicis
944 661 1129 724 pagina
1165 662 1480 725 antiquitatis
1509 676 1588 707 ar-

277 760 620 815 „gumentum
671 746 785 795 satis
834 748 1106 812 probabile
1156 746 1342 797 confici
1385 743 1587 797 fortaffe

278 839 514 903 „poter-it.
592 836 809 900 Legitur
836 838 978 884 enim
1005 838 1065 884 in
1095 832 1199 883 fine
1226 836 1427 892 titulus,
1466 851 1588 885 cum

279 942 532 984 „numero
561 924 686 972 anni
714 924 1137 981 MCCCCXLVI,
1170 928 1318 984 cujus
1336 923 1590 988 scriptura
1652 929 1656 934 ’

279 1031 433 1072 „cum
465 1014 530 1060 iis
565 1013 835 1059 literarum
868 1009 1081 1068 formis,
1139 1028 1273 1077 quae
1314 1015 1425 1073 ejus
1460 1021 1589 1059 tem-

277 1102 451 1167 „poris
491 1098 758 1156 feruntur,
823 1099 897 1147 ita
932 1101 1205 1157 convenit,
1259 1110 1322 1151 ut
1364 1099 1590 1148 dubium

278 1186 406 1248 „effe
445 1205 555 1236 non
586 1187 755 1252 ponit,
807 1189 939 1253 quin
973 1204 1097 1235 vere
1131 1186 1375 1252 ascriptus
1410 1185 1468 1234 fit
1496 1185 1590 1236 iste

279 1293 490 1336 „annus.
598 1276 844 1340 Superius
890 1277 989 1323 alia
1037 1277 1267 1324 cernitur
1303 1274 1589 1341 inscriptio,

279 1368 461 1425 „cujus
525 1365 617 1412 vix
683 1361 910 1427 lingulae
973 1364 1152 1411 literae
1226 1363 1586 1429 agnoscuntur.

280 1454 457 1511 „Hanc
496 1451 593 1498 alia
631 1450 914 1515 praecedit,
990 1468 1148 1515 quarn
1185 1450 1336 1499 facile
1382 1450 1590 1500 duobus

278 1539 616 1605 „pluribusve
644 1537 830 1587 seculis
855 1540 1204 1603 antiquiorem
1235 1539 1444 1600 judices.
1545 1540 1591 1586 A

279 1644 415 1692 „qua
448 1644 558 1675 non
584 1627 791 1674 minore
822 1628 1071 1690 temporis
1098 1628 1376 1676 intervallo
1406 1625 1590 1676 distare

280 1714 525 1774 „videtur
561 1716 762 1779 primus
793 1714 884 1761 ille
912 1716 1119 1772 titulus,
1171 1732 1330 1779 quem
1363 1714 1591 1763 diximus

281 1803 513 1861 „librum
549 1803 694 1851 hunc
726 1800 1046 1852 Monasterio
1087 1805 1259 1852 Sancti
1298 1803 1432 1850 Galli
1472 1803 1590 1850 vin-

250 1927 253 1929 *
282 1890 498 1948 „dicat-e.
599 1894 714 1939 I-Ioc
743 1907 914 1938 unum
948 1890 1179 1954 denique
1207 1890 1473 1939 addimus:
1530 1890 1595 1937 li-

280 1979 471 2036 „brum
502 1979 646 2025 hunc
670 1977 979 2044 Quintiliani
1013 1979 1282 2027 literarum
1309 1967 1595 2027 initia'lium

280 2075 702 2128 „ceterarumque
738 2062 921 2113 formis
961 2075 1010 2112 et
1046 2067 1245 2124 colore,
1313 2065 1595 2115 scribendi-

284 2169 420 2217 „que
474 2152 798 2217 compendiis
850 2152 966 2201 satis
1023 2165 1253 2203 accurate
1311 2155 1603 2203 convenire

284 2258 440 2299 „cum
467 2239 856 2295 sacramentario
883 2241 1113 2304 quodam
1138 2239 1469 2307 Sangallenfi,
1509 2243 1595 2291 iti-

286 2328 438 2387 „dem
497 2328 555 2375 in
614 2328 930 2376 bibliotheca
986 2328 1251 2377 Turicensi
1311 2328 1593 2387 custodum

286 2432 476 2480 „quem
506 2416 704 2462 librum
736 2417 995 2465 Martinus
1032 2418 1335 2477 Gerbertus,
1398 2419 1596 2467 ,Μουτι-

282 2503 457 2561 ³,sterii
485 2513 536 2550 et
569 2505 979 2568 congregationis
1009 2506 1178 2551 Sancti
1205 2505 1356 2552 Blasii
1382 2507 1439 2554 in
1471 2504 1594 2554 [ilva

283 2593 462 2670 ,3nigra
484 2590 674 2649 Abbas,
724 2593 784 2640 in
808 2576 1173 2643 Monumentis
1202 2594 1390 2642 veteris
1419 2594 1593 2644 Litur·
