1656 2990
12 2055 24 2062 ι
76 2033 126 2069 est
145 2033 263 2081 Lipfii
279 2035 466 2074 dubitatio
486 2037 511 2074 l.
533 2051 563 2074 c-
575 2063 586 2078 ‚

319 172 483 224 INST.
521 176 800 226 ORATOR.
837 176 958 222 Lm.
993 174 1092 232 111,
1126 174 1172 220 6.
1324 183 1423 235 499

79 302 303 357 ditionis
331 303 582 365 ejusdem.
624 312 627 314 ’
667 301 976 367 Conjeccura
998 301 1137 351 dicta
1160 299 1234 350 est
1256 318 1284 349 a
1307 306 1422 350 con-

70 380 240 446 jectu,
299 381 360 430 id
393 380 467 434 est
508 381 800 430 directione
837 380 1064 447 quadam
1093 379 1312 429 rationis
1352 378 1420 427 aid

79 459 382 511 veritatem:
462 458 608 508 unde
669 459 826 506 etiam
877 457 1208 507 somniorum
1263 467 1420 522 atque

39 555 41 558 ⁴
79 537 330 586 ominum
393 538 705 602 interpretes
779 535 1084 600 conjectores
1146 544 1418 584 vocantur.

77 613 419 678 Appellatum
437 624 624 681 *tamen
657 611 730 662 est
759 613 863 662 hoc
890 630 1058 678 genus
1079 613 1249 670 varie,
1290 611 1423 660 ficut

77 686 420 755 sequentibus
458 692 739 757 apparebit.
855 694 1096 740 Fuerunt
1142 691 1240 755 qui
1282 689 1475 739 cluos3¹

77 765 240 817 status
284 766 544 818 facerent:
625 767 976 817 Archidemus
1017 766 1422 833 conjecturalem,

76 854 131 892 et
146 843 437 915 finitivum,
477 845 682 895 exclusa
714 847 991 911 qualitate,
1032 847 1157 912 quia
1177 844 1244 894 fic
1273 844 1340 893 de
1364 861 1423 893 ea

151 1022 253 1068 ficut
269 1019 433 1070 sequent.
491 1022 550 1057 Sic
563 1022 687 1058 Guelf.
709 1022 809 1059 Vols.
835 1031 871 1066 3.
893 1019 1132 1056 Alm.Tu1·ic.
1187 1019 1313 1057 Ceteri
1334 1020 1424 1055 inse-

77 1086 167 1112 runt
187 1080 223 1112 in
246 1077 345 1125 quod
367 1077 534 1127 displicet
555 1080 641 1126 quia
666 1080 857 1127 apparebit
888 1079 925 1112 h.
948 1077 974 1113 l.
1005 1078 1053 1112 est
1072 1088 1161 1125 pro:
1199 1077 1420 1124 probabitur.

77 1132 196 1168 Aliud
227 1133 375 1169 fortasse
397 1135 446 1169 est
474 1135 539 1174 „in
560 1134 719 1184 epistolis
742 1143 916 1183 appareU‘
951 1148 967 1168 1
984 1159 994 1173 ,
1025 1144 1069 1176 7,
1102 1139 1166 1186 54.
1209 1146 1421 1180 quanquam

75 1188 133 1224 ibi
157 1202 308 1238 quoque
339 1191 522 1225 omittunt
554 1194 590 1226 in
623 1191 746 1227 Guelf.
771 1191 870 1227 Voss.
900 1200 935 1233 3.
967 1201 1004 1224 et
1027 1189 1142 1225 Goth.
1173 1188 1261 1235 (tac.
1293 1191 1420 1233 Gesn.)

75 1257 162 1280 eum
181 1247 280 1284 Voss'.
308 1256 345 1282 2.
403 1247 524 1282 Facile
555 1250 590 1283 in
618 1258 747 1282 natum
778 1260 825 1282 ex
853 1259 892 1282 ut
922 1246 1179 1285 antecedente,
1218 1246 1283 1280 nifi
1315 1246 1422 1281 malis

75 1300 371 1352 insequentibus
358 1316 539 1355 jungere,
578 1317 655 1352 quo
688 1304 802 1338 modo
826 1304 871 1339 de
891 1302 1003 1338 iebus
1038 1304 1076 1338 in
1109 1304 1171 1338 suo
1202 1315 1312 1350 opexe
1342 1303 1424 1338 scri

73 1357 206 1394 bendis
226 1369 350 1395 tamen
367 1359 444 1395 fele
467 1373 542 1395 non
563 1357 746 1408 loquitur.
778 1361 824 1396 cf.
850 1370 885 1400 2,
909 1366 977 1407 14,
997 1367 1035 1407 4.
1058 1359 1125 1394 ubi
1149 1359 1305 1394 vicissim
1328 1351 1463 1394 male

74 1413 200 1450 deficit
227 1418 275 1452 in.
498 1415 742 1452 Archidemus.
800 1417 926 1453 Guelf.
942 1418 1080 1451 Aeclziet
1084 1417 1194 1451 {emus
1208 1429 1292 1450 cum
1309 1416 1421 1452 Goth.

75 1471 135 1507 sed
157 1472 220 1507 cui
250 1485 269 1507 a
301 1483 509 1508 correctore
532 1473 686 1509 demum
720 1474 855 1508 inserta
878 1474 925 1508 est
954 1472 1060 1507 litera
1082 1475 1124 1507 E.
1163 1472 1279 1516 (Mox
1309 1473 1341 1516 ὃ.
1369 1482 1420 1516 53

74 1527 208 1563 itidem
231 1529 272 1564 in
293 1538 454 1577 utroque
477 1530 570 1566 eod.
601 1541 643 1565 ut
672 1541 709 1565 et
729 1530 831 1568 Voss.
864 1540 900 1564 2.
978 1531 1022 1563 Iu
1045 1539 1067 1572 3
1091 1538 1214 1563 autem
1237 1529 1336 1566 Vols.
1357 1531 1424 1563 Ar-

75 1584 264 1625 chedemo,
302 1585 342 1620 in
366 1587 476 1621 Bern.
499 1587 732 1622 Arcaedemo.
792 1587 920 1622 Turio.
949 1589 1022 1620 arci
1043 1586 1199 1631 edoma.)
1255 1586 1348 1625 Hic,
1382 1595 1424 1620 ut

74 1640 342 1677 animadvertit
365 1642 511 1690 Liplius
537 1638 692 1678 Mbmud.
725 1633 767 1677 ad
800 1643 913 1678 Stoic.
945 1641 1037 1690 phil.
1062 1656 1075 1676 ι
1096 1667 1105 1681 ,
1141 1652 1201 1676 12.
1232 1655 1251 1675 a
1275 1641 1422 1678 Graecis

73 1697 154 1732 fere
176 1698 415 1734 Archedemus
436 1698 616 1739 scribitur,
643 1713 661 1733 a
684 1700 826 1735 Latinis
839 1700 1069 1734 Archidemus
1084 1714 1095 1734 .-
1125 1697 1298 1733 Straboni
1319 1698 1343 1733 l.
1362 1705 1422 1745 14.

23 1785 29 1793 ,
73 1766 112 1802 p.
137 1753 218 1800 674
250 1755 299 1789 est
319 1750 557 1808 ’ᾼρχέδαμος.
609 1758 669 1791 An
691 1755 762 1791 hoc
782 1755 906 1791 voluit
929 1755 1114 1794 librarius,
1142 1768 1253 1802 quem
1277 1757 1422 1790 secutus

75 1809 125 1845 est
153 1811 219 1858 qui
246 1811 384 1860 scripsit
411 1813 512 1851 Voss.
548 1823 585 1856 3.
633 1813 723 1848 dans
752 1813 1022 1847 AJ-chadfflnuss
1079 1811 1194 1847 Goth.
1228 1822 1264 1846 et
1297 1811 1422 1847 Guelf.

74 1865 295 1915 I'cripturam
316 1878 435 1903 ortam
457 1869 567 1904 credo
587 1882 634 1904 ex
657 1870 884 1904 correctione
904 1870 982 1914 ejus
1006 1868 1084 1915 qui,
1115 1881 1202 1902 cum
1225 1868 1423 1903 inveniffet

74 1922 337 1964 Archidemum,
366 1924 484 1960 vellet
506 1925 591 1960 dare
614 1926 889 1963 Archedemum,
922 1925 1134 1969 cujusmodi
1153 1924 1295 1971 aliquid
1317 1937 1424 1973 appa-

75 1988 136 2012 tet
155 1979 197 2013 in
221 1978 336 2015 Goth.
393 1982 491 2017 Nam
515 1981 681 2017 diversos
701 1982 957 2018 Archedemum
976 1991 1013 2015 ct
1030 1982 1300 2020 Archidemum,
1331 1994 1422 2029 quae

625 2051 704 2073 nou
730 2038 848 2090 magis
879 2038 988 2073 credo
1018 2051 1130 2086 quam
1151 2039 1349 2089 Menagius
1378 2037 1423 2072 ad

3 2095 6 2099 ”
75 2090 272 2126 Laeuium
296 2100 333 2135 7,
362 2099 430 2140 40.

7 2311 28 2317 -·
78 2303 157 2330 not.
181 2293 276 2328 Crit.
334 2294 479 2330 Stoicus
510 2296 724 2344 primarius,

132 2236 379 2273 Archidemus.
420 2236 465 2272 de
478 2239 722 2275 nominevid.
779 2238 942 2275 Lucullo
974 2253 1003 2274 c.
1025 2246 1091 2287 47.
1126 2239 1230 2275 audit
1260 2243 1425 2288 princeps

781 2296 1046 2331 dialecticorum
1066 2297 1121 2341 (et
1139 2298 1186 2331 est
1206 2297 1297 2336 hoc,
1322 2296 1423 2343 quod

70 2350 148 2399 „qui
189 2349 234 2384 de
279 2351 376 2386 Voce
404 2361 440 2385 et
470 2352 514 2386 de
546 2354 725 2388 elementis

48 2426 55 2433 .
80 2406 270 2452 (fortaffe,
311 2419 389 2442 uno
411 2411 541 2456 opere)
576 2409 724 2457 scripsit,

81 2462 144 2510 (ed
170 2471 284 2497 tOtam
309 2463 581 2512 philosophiam
615 2464 724 2500 libris

59 2518 237 2555 {videtur
263 2518 472 2559 illustrasse,
511 2521 634 2569 iisque
666 2521 725 2556 in—

82 2574 234 2611 tellectu
247 2575 484 2624 difficilibus.
544 2578 604 2612 Sic
623 2579 724 2612 enim

56 2631 262 2676 ⁴Axrianus
296 2633 417 2680 Epict.
452 2642 498 2676 3,
536 2643 572 2668 2.
602 2633 725 2669 ἐκεῖνος

16 2707 18 2712 x
75 2687 178 2733 μέγα
196 2683 343 2736 ἓφρὸνει,
364 2682 424 2724 ‘o'ra
450 2686 533 2725 ἐνόει
551 2685 726 2739 Ἀρχέδη-

79 2757 159 2788 μον.

236 2744 408 2780 Ciceroni
441 2745 552 2782 Acad.
586 2755 623 2794 4·
665 2749 724 2783 sen

779 2353 902 2403 tangit
922 2353 1052 2392 noster,
1084 2353 1291 2388 dialecticae
1312 2354 1423 2387 etiam

779 2410 896 2456 artis)
937 2419 974 2443 et
1003 2409 1274 2460 opiniofiſjimus
1305 2410 1421 2445 homo.

780 2465 826 2500 cf.
859 2465 903 2499 de
942 2478 985 2500 eo
1022 2465 1128 2502 Icabr.
1159 2465 1252 2502 Bibl.
1294 2467 1423 2502 Graec.

780 2521 887 2557 Harl.
914 2531 951 2565 5,
973 2529 1068 2569 540.

826 2577 882 2628 fic
912 2579 956 2612 de
977 2594 1030 2613 ea.
1090 2581 1144 2613 Ita
1172 2577 1217 2613 de
1247 2578 1424 2626 qualitate

781 2634 909 2682 quaeri
927 2634 1154 2670 existimabat
1164 2635 1422 2683 Archidemus,

781 2701 824 2725 ut
852 2703 909 2725 res
942 2691 1063 2727 onmis
1094 2691 1138 2726 ad
1168 2690 1420 2729 definitionem

780 2746 932 2782 rediret.

876 2805 919 2838 Ii
952 2814 972 2838 2
1021 2832 1024 2835 ,
