1656 2990
252 230 280 270 6
292 242 306 267 ι
319 238 346 271 2
564 224 637 271 M.
673 226 803 272 FAB.
842 227 1249 287 QUINTILIANI

215 343 532 414 :fp‘raemizmz
562 351 832 395 meruerit?
877 348 1188 408 Adiecerunt
1217 349 1432 415 quidam
1456 352 1555 402 liu-
1588 366 1594 371 ’

250 441 398 472 mero
418 434 640 478 mutuam
666 419 1041 496 accusationem,
1066 441 1197 488 quae
1218 423 1558 494 ἀντικωτηγοξίοι

252 510 494 549 vocatur:
542 499 653 567 aliis
678 498 923 547 videlicet
955 497 1224 548 succedere
1256 500 1388 547 hanc
1425 517 1558 564 quo-

251 592 356 639 que
389 575 737 638 comparativo
772 576 949 638 generi
985 573 1414 624 existimantibus·
1470 574 1559 624 cui

250 650 430 698 fimilis
473 650 571 697 erit
600 651 915 713 petitionum
955 651 1182 699 invicem
1211 649 1556 699 diversarum:

249 725 398 790 quod.
411 724 595 772 accidit
611 725 698 786 vel
714 723 1123 790 frequentiffime.
1171 725 1233 774 Id
1254 725 1292 774 fi
1317 736 1368 776 et
1386 723 1559 790 ipsum

247 802 427 850 vocari
454 799 606 847 debet
639 799 973 867 ἀντικωτηγοξία
999 802 1150 863 (nam
1178 803 1396 867 proprio
1426 810 1559 848 caret

248 872 524 942 nomine),
576 874 684 924 duo
719 886 874 922 erunt
911 892 1097 940 genera
1130 880 1260 937 ejus:
1323 878 1559 932 alterum,

251 968 359 1015 quo
395 951 675 1015 litigatores
714 950 857 999 idern
896 952 1091 999 crimen
1129 953 1358 1000 invicem
1389 953 1560 999 inten-

250 1036 358 1073 tant
371 1043 382 1074 :

217 1112 305 1156 <zet
332 1102 649 1166 petitionum
690 1100 923 1151 conditio
954 1118 1046 1167 par
1080 1101 1163 1150 est.

431 1026 672 1083 alterum,
721 1042 828 1090 quo
863 1026 1007 1074 aliud
1035 1037 1187 1090 atque
1218 1026 1374 1075 aliud.
1457 1027 1559 1075 Cui

1243 1103 1380 1152 Cum
1407 1118 1559 1167 appa-

331 1265 472 1312 quidam
491 1277 631 1299 numero
651 1275 734 1299 mut.
788 1263 909 1300 Guelf.
941 1265 1080 1299 omittit
1097 1277 1260 1303 numero,
1285 1263 1387 1311 quod
1407 1255 1556 1311 quidem

249 1318 369 1353 absens
390 1331 497 1353 nemo
510 1318 774 1356 defideraverit,
807 1319 876 1357 sed,
907 1319 1092 1366 quomodo
1114 1319 1300 1358 exciderit,
1325 1319 1556 1359 manifestius,

249 1386 357 1421 quam
379 1386 488 1420 quare
508 1373 551 1407 de
572 1375 634 1408 suo
656 1373 835 1408 addiderit
852 1373 1034 1408 librarius.

330 1434 429 1468 cond.
458 1446 524 1480 par
552 1432 613 1481 efi-

302 1573 690 1624 ἅντικατηγορία.
747 1575 791 1610 cf.
830 1585 874 1620 5,

250 1631 295 1671 6,
328 1641 390 1675 75.

248 1701 341 1731 ματα
379 1685 441 1721 vel
482 1686 658 1720 relatione
691 1687 876 1727 criminis;

249 1756 321 1789 qua
347 1742 529 1775 accusatur
549 1741 597 1779 is,
626 1752 733 1786 quem
758 1741 879 1777 vindi-

250 1810 327 1831 care
359 1795 443 1831 vult
471 1805 590 1834 actor,
625 1797 712 1830 ficut
734 1795 876 1842 Clytae-

248 1852 401 1887 mnestra
422 1850 466 1886 ab
489 1851 612 1887 Oreste
633 1851 664 1885 se
686 1851 876 1886 defenden-

250 1918 296 1942 te.
339 1917 375 1948 7,
402 1913 439 1951 4,
469 1911 507 1950 8.
541 1907 638 1940 Haec
658 1906 773 1940 nostra
794 1919 878 1940 con-

248 1963 314 1997 stat
342 1961 560 1996 accusatione
594 1960 703 2009 ipsius
733 1962 876 1996 actoris.

250 2018 296 2052 cf.
319 2028 353 2061 7,
387 2027 430 2055 2,
464 2023 525 2061 18.

300 2075 510 2120 petitionum
549 2091 605 2099 —
649 2069 874 2118 diversarum.

250 2127 418 2162 Genitivi
452 2126 546 2161 ratio
574 2125 741 2160 redditur
767 2127 792 2160 fi
822 2127 876 2160 in·-

251 2182 386 2231 telligis
408 2181 526 2228 causa,
551 2181 650 2228 quod
669 2180 876 2216 obversaba-

251 2247 312 2271 tur
335 2237 455 2270 animo
486 2249 570 2270 curn
597 2247 750 2271 mutuam
778 2250 874 2270 accu-

242 2290 421 2340 sa‘tionem
439 2290 606 2330 dixflret,
634 2303 703 2339 pro
725 2303 795 2337 qua
813 2303 876 2338 po-

250 2357 341 2381 terat
372 2357 511 2381 mutuae
537 2346 766 2393 accusationis
795 2346 887 2380 cau-⁷

244 2401 358 2451 sam.>
390 2402 449 2435 Sic
486 2401 525 2434 in
567 2401 712 2435 statibus
744 2401 874 2435 itidem

249 2458 444 2503 usurpatur
473 2456 682 2506 genitivus,
710 2451 779 2490 οἷπδ
810 2469 875 2490 κοι-

247 2509 302 2546 νοῧ
324 2511 577 2557 explicandus,
597 2511 726 2558 scripti
752 2521 787 2544 et
814 2524 873 2545 vo-

247 2565 393 2600 luntatis
422 2566 486 2610 (5,
518 2565 554 2604 6,
586 2572 651 2612 42.
683 2569 776 2609 88.)
808 2566 872 2611 qui

245 2629 529 2654 connumeratur
556 2633 639 2654 cum
670 2632 779 2655 meris
809 2632 872 2654 no.

242 2675 450 2713 minativis,
479 2676 576 2722 quafi
598 2674 738 2723 fiacus,
769 2674 869 2721 qnod

240 2727 465 2766 vocabulum
486 2729 726 2780 intelligitur,
755 2730 868 2764 fuerit

448 1632 585 1666 Differt
615 1630 658 1665 ab
687 1626 879 1675 ἆντ-εγκλή-

673 1433 781 1480 Quod
800 1434 936 1484 Regius
956 1434 1153 1468 inventurn
1173 1433 1214 1468 in
1231 1433 1302 1470 ruis
1323 1432 1427 1469 libris
1447 1434 1558 1469 corri-

932 1577 1149 1625 express‘um.
1206 1578 1396 1617 Petitiones
1434 1588 1558 1614 autem

933 1631 970 1666 11.
995 1632 1019 1666 l.
1045 1631 1139 1666 nihil
1164 1631 1263 1667 aliud
1283 1634 1350 1668 nifi
1370 1634 1560 1669 accusatio-

933 1699 1015 1726 nes,
1055 1688 1299 1728 intentiones:
1339 1688 1438 1736 q‘uod
1468 1701 1560 1724 mox

933 1741 999 1776 hac
1034 1742 1107 1790 ipsa
1144 1742 1175 1786 ᾖ.
1204 1753 1295 1777 extr.
1330 1743 1560 1780 manifestum

930 1797 995 1830 est:
1034 1797 1239 1835 ‚,altemm“
1265 1797 1350 1842 (hae
1367 1799 1448 1833 funt
1467 1800 1559 1847 peti-

932 1852 1049 1886 tiones
1071 1852 1230 1887 invicem
1253 1852 1431 1900 diversae)
1458 1866 1556 1901 „quo

932 1905 1159 1956 „litigatores
1186 1907 1346 1942 invicem
1374 1907 1474 1944 aliud
1507 1919 1560 1943 at-

932 1974 1026 2007 „que
1051 1961 1149 1996 aliud
1171 1963 1308 1997 crimen
1337 1963 1558 1999 intentant.“

930 2018 979 2050 Et
1000 2019 1043 2051 fic
1063 2017 1254 2064 aliquoties
1282 2017 1401 2054 noster
1426 2019 1558 2066 petito-

931 2083 1009 2105 rem
1040 2071 1128 2106 dicit
1154 2085 1223 2120 pro
1253 2074 1470 2114 accusatore,
1510 2084 1556 2109 ut

933 2136 969 2169 7,
996 2140 1026 2165 1,
1045 2135 1069 2170 5
1088 2131 1220 2174 petitor
1236 2127 1345 2162 dicit:
1385 2129 1557 2164 Occidisti

930 2180 1130 2216 hominem.
1170 2182 1332 2220 Viciffim
1352 2183 1480 2218 Cicero
1499 2199 1556 2220 ac·
1603 2194 1609 2196 ’

931 2235 1124 2284 cusatorem
1153 2251 1218 2284 pro
1254 2239 1349 2272 omni
1377 2248 1493 2282 actore
1518 2249 1555 2274 et

929 2294 1089 2339 petitore.
1126 2293 1202 2327 vid.
1226 2293 1367 2328 Partitt.
1385 2293 1502 2329 oratt.
1523 2307 1554 2329 c.

931 2355 981 2389 52
1002 2347 1083 2380 init.
1118 2347 1226 2397 Quod
1245 2347 1454 2386 relativum,
1477 2348 1556 2384 sub-

927 2402 1064 2447 jectum
1083 2402 1159 2449 post
1180 2401 1404 2450 diversarum,
1423 2403 1554 2438 itidem

930 2456 999 2490 toti
1019 2457 1180 2505 negotio,
1210 2456 1315 2491 fimul
1327 2467 1446 2491 mente
1457 2470 1556 2493 com·

926 2511 1125 2558 prehenso,
1154 2511 1462 2546 accommodatum
1495 2513 1552 2551 est,
1595 2506 1604 2512 ’

929 2578 1012 2599 cum
1062 2576 1248 2614 expectare
1297 2566 1428 2613 poffes'
1453 2581 1551 2616 quae,
1608 2606 1616 2613 ,

927 2620 1025 2667 quod
1044 2623 1242 2656 referretur
1266 2621 1310 2655 ad
1329 2620 1457 2670 fimilis
1477 2621 1550 2658 scil.

927 2677 1036 2709 causa.

977 2731 1194 2778 petitionum.
1216 2729 1288 2764 Hic
1301 2729 1439 2769 eodem,
1449 2729 1548 2778 quod

1631 1924 1640 1943 ἡ
