1656 2990
549 172 1002 218 PRAEFATIO.
1348 189 1449 219 xxx

95 295 408 364 scriptorem
457 293 618 347 effent
675 297 1006 364 quaerenda,
1074 296 1445 349 ministrarem.

95 390 283 439 Fateor
311 405 557 455 magnam
591 386 734 455 poffe
777 390 991 455 concipi
1030 387 1297 451 ejusmodi
1340 387 1446 439 stu-

94 477 374 548 diosorum
401 480 710 529 varietatem
739 490 791 528 et
825 479 1070 530 disertius
1097 479 1290 528 debere
1322 478 1445 529 fini-

91 569 165 627 ri,
214 570 413 635 quibus
438 570 758 637 potissimum
785 571 992 621 labores
1026 587 1174 620 meos
1205 568 1445 636 suscepe-
1513 564 1516 566 ’

91 661 209 709 rim.
289 663 425 711 Sunt
455 662 620 727 igitur
647 663 689 710 ii
722 673 774 711 et
807 666 1028 724 juvenes
1060 644 1226 710 litei-is
1254 659 1443 718 dediti,

92 752 192 816 qui
225 752 448 817 quidem
475 753 535 800 in
567 754 821 803 Romanis
853 764 905 803 et
934 752 1142 802 Graecis
1171 749 1440 817 scriptori-

89 841 192 892 bus
223 843 556 909 aliquantum
585 847 689 904 jam
718 841 1069 908 profecerint,
1109 853 1161 890 et
1186 843 1294 890 viri
1323 857 1439 891 non

87 935 306 999 proprie
354 934 416 981 in
466 935 778 998 antiquitate
828 933 1138 998 explicanda
1176 931 1438 996 occupati,

86 1023 183 1087 qui
211 1040 336 1073 cum
358 1023 650 1089 legendum
671 1021 894 1073 sumunt
924 1040 1139 1090 gravem
1166 1021 1440 1087 quendam.

84 1123 139 1162 et
169 1096 463 1179 elegantem
497 1113 811 1181 scriptorem
843 1126 1105 1172 veterem,
1143 1113 1331 1169 multa,
1370 1109 1438 1160 ad

83 1200 262 1254 sensus
290 1207 404 1266 ejus
435 1204 830 1272 cognoscendos
863 1203 1168 1262 neceffaria,
1217 1204 1277 1252 in
1310 1202 1436 1251 artis

81 1295 393 1344 tractatione
441 1295 774 1363 praesertim,
839 1313 868 1344 a
916 1296 1279 1346 recentiorum
1333 1290 1438 1342 usu

79 1395 342 1444 remotae,
398 1388 568 1452 qualis
617 1386 689 1436 est
738 1388 1020 1438 rhetorum
1069 1387 1436 1450 antiquorum,

80 1476 264 1526 minus
283 1488 493 1542 promta
516 1489 568 1527 et
589 1479 648 1528 in
670 1490 952 1529 numerato
979 1479 1209 1527 habeant
1233 1471 1432 1524 neceffe

25 1585 41 1626 j
77 1564 178 1625 est,
229 1568 357 1632 quia
389 1579 481 1618 aut
509 1568 632 1618 sunt
666 1570 852 1629 obliti,
899 1580 989 1620 aut
1022 1583 1302 1632 nimquam
1333 1582 1434 1631 pro

53 1642 385 1708 [studiotum
430 1658 656 1711 suorum
700 1661 906 1710 ratione
957 1661 1258 1726 attigerunt.
1357 1658 1434 1704 Ita

79 1746 365 1798 constituta
403 1761 456 1798 et
496 1750 753 1817 descripta
791 1752 1083 1809 lectorum,
1151 1766 1289 1816 quos
1332 1748 1434 1796 cir-

13 1909 20 1912 *
79 1836 492 1904 cumspexerim‚
545 1839 746 1908 claffe„
775 1859 890 1891 non
937 1841 1193 1906 equidem
1239 1853 1432 1887 vereor

78 1942 148 1976 ne
172 1927 392 1980 confilio
416 1932 574 1980 nullo
594 1948 691 1980 nec
715 1918 921 1981 ratione
941 1929 1188 1998 scripfiffe
1211 1928 1430 1992 judicer.

79 2017 244 2087 Quod
272 2021 419 2069 enim
446 2021 644 2072 morofi
679 2022 900 2086 quidam
924 2023 985 2086 in
1008 2021 1228 2088 singulis
1263 2020 1433 2068 anim-

79 2105 483 2160 adverfionibus
523 2113 879 2178 interpretum
917 2113 1165 2171 haerent,
1212 2111 1302 2160 cui
1332 2126 1430 2176 po-

78 2195 327 2247 tissimum
357 2199 546 2251 lectori
570 2218 753 2252 earum
778 2219 1023 2269 quaeque
1059 2201 1310 2251 destinari
1333 2216 1431 2265 po·

78 2288 265 2347 tuerit,
310 2306 426 2354 eam
459 2292 782 2341 calumniam
809 2294 976 2359 magis
1006 2310 1172 2358 quam
1200 2291 1429 2356 diligen-

76 2378 205 2426 tiam
239 2378 518 2441 judicandi
545 2378 803 2434 existimo.
895 2384 1091 2447 Neque
1126 2379 1339 2444 recuso,
1388 2378 1427 2428 fi

76 2465 286 2519 summo
307 2473 435 2533 >jure
468 2483 654 2538 agatur
682 2490 923 2532 mecum,
973 2471 1217 2540 pluscula
1247 2489 1311 2520 ex
1346 2471 1428 2522 iis,

79 2573 216 2623 quae
247 2562 466 2622 monui,
521 2563 692 2612 aliena
724 2581 753 2612 a
789 2562 1061 2631 propofito
1099 2580 1223 2614 meo
1266 2577 1429 2627 agno·
1492 2620 1494 2622 ‚

80 2644 248 2707 scere,
297 2651 428 2703 dum
466 2651 673 2704 summa
710 2651 911 2705 constet
949 2652 1184 2706 consilio.
1282 2649 1427 2701 Illud

247 2733 253 2753 ι
