1656 2990
269 181 335 211 Lx
706 167 1147 212 PRAEFATIO.

342 289 445 336 tius
481 286 711 336 conferat
745 299 847 337 tres
883 289 1101 340 Codices
1137 287 1491 340 Gibsonianos'
1511 287 1574 339 [i-

271 406 276 410 -
335 377 553 440 mulque
603 375 892 425 editionem
934 378 1286 435 Andreanam,
1330 357 1340 368 x
1365 377 1429 426 de
1471 395 1575 442 qua

338 463 492 528 supra
516 463 638 511 dixi.
715 463 776 511 Id
806 466 863 512 in
893 466 1075 528 primis
1105 467 1238 513 male
1266 483 1349 514 me
1374 465 1572 523 habuit,

340 551 487 616 quod
518 568 777 615 nusquam
811 553 1013 599 notavit
1039 552 1318 610 Gibspnus,
1365 554 1423 601 in
1457 555 1574 617 qui-

338 639 435 688 bus
472 639 786 706 potissimum
817 639 945 686 locis
984 640 1161 688 mutili
1198 639 1380 698 essent,
1438 657 1572 704 quos

329 728 389 774 in
421 742 609 790 genere
638 742 750 774 non
785 724 880 773 effe
910 728 1138 792 integros
1166 729 1402 785 monuit,
1446 729 1572 776 libri

334 811 628 861 Ioannenfis
660 824 710 861 et
742 815 1049 864 Baliolenfis.
1129 818 1227 864 Hic
1255 813 1469 864 interim'
1497 827 1576 864 te-v

319 895 452 950 -neat
487 902 676 958 lector,
723 901 973 951 Codicem
1007 903 1375 963 Bodleian-um,
1422 908 1569 964 cujus

332 1005 454 1037 cum
482 989 912 1039 Almeloveniano
943 1000 992 1037 et
1023 990 1294 1038 Turicenfi·
1318 990 1570 1056 infignem

331 1076 791 1125 animadvertimus
813 1079 1231 1126 convenientiam
1264 1081 1347 1146 (et
1364 1065 1580 1146 fortaffe'

330 1168 496 1224 major
529 1175 819 1228 appareret,
858 1164 895 1211 fi
928 1167 1212 1215 accuratius
1247 1164 1364 1214 effet
1394 1165 1566 1227 excus-

330 1250 470 1319 sus),
523 1252 766 1311 eandem,
808 1251 1038 1300 ‘testante
1087 1252 1339 1311 Gibsono,
1405 1271 1564 1322 quam

264 1320 286 1343 '⁴
327 1339 531 1387 horum
561 1349 872 1405 utrumque,
924 1337 1191 1390 ostendere
1230 1335 1448 1391 librarii·
1464 1345 1565 1393 im-

328 1428 580 1492 peritiam.

253 1602 607 1668 Argentorati,
659 1622 721 1654 ex
762 1603 1053 1655 recensione
1095 1605 1261 1655 Ulrici
1299 1606 1558 1656 Obrechti.

337 1698 490 1752 1698.
544 1698 593 1756 4.
679 1694 996 1750 Obrecfflus,
1064 1704 1125 1742 ut
1161 1693 1313 1759 supra
1357 1696 1559 1754 monui,

322 1791 493 1828 morte
526 1791 805 1844 occupatus
841 1780 971 1838 fuit,
1019 1798 1126 1845 quo
1152 1783 1329 1831 minus
1369 1799 1560 1848 „pecu-

324 1869 482 1924 „liare
511 1870 790 1926 volumen,
840 1869 987 1932 quod
1013 1879 1158 1917 notas
1187 1869 1299 1919 suas
1331 1880 1381 1917 et
1416 1886 1562 1934 prae-

321 1957 535 2020 „cipuos
568 1955 780 2020 insuper
804 1956 1132 2005 eruditorum
1156 1958 1396 2006 virorum
1420 1975 1560 2007 com-

324 2045 633 2100 „mentarios
656 2044 1128 2108 complecteretur,“
1147 2046 1413 2092 emitteret.
1453 2045 1558 2092 Ad-

313 2131 492 2179 hibuit
521 2132 605 2178 vir
634 2131 818 2179 doctus
851 2132 916 2179 ad
942 2133 1332 2196 repurgandum
1360 2143 1558 2180 textum

320 2235 447 2283 opes
481 2217 839 2275 Gibsonianas,
891 2219 1231 2280 Bodlejanum
1264 2222 1556 2284 praeci-pue,

315 2316 378 2353 ut
425 2306 483 2352 in
528 2305 743 2370 epistola
795 2306 1107 2356 dedicatoria
1157 2307 1222 2354 ad
1266 2305 1554 2356 Gibsonum

316 2391 554 2450 testatur,
595 2393 869 2452 Codicem;
919 2393 1009 2442 sed
1043 2405 1094 2442 et
1129 2397 1363 2459 proprias
1406 2395 1555 2445 dotes

319 2476 472 2528 offert
512 2480 674 2538 liber,
736 2484 932 2547 quippe
968 2483 1174 2531 Codicis
1216 2487 1324 2531 MS.
1360 2484 1550 2532 biblio·-

317 2567 493 2615 thecae
520 2569 956 2634 Argentoratenfis
977 2568 1251 2636 scripturas
1286 2571 1545 2620 exhibens.
