1656 2990
233 216 295 260 66
550 215 625 260 Μ.
657 216 789 260 FAB.
821 213 1233 274 QUINTILIANI

211 320 330 386 xnisi
353 338 590 393 alteram,
627 336 838 399 frangat.
917 318 1078 399 Atqui
1113 323 1269 384 litera
1287 339 1312 384 I
1342 335 1438 385 fibi
1468 336 1551 384 in-

235 411 375 470 fidit3
422 413 631 461 Coniicic
667 409 917 459 enim-est
957 412 1018 458 ab
1053 411 1148 460 illo
1187 413 1345 460 Iacz't:
1401 422 1453 459 et
1483 413 1579 470 U‚»

231 531 469 566 librariorum
501 542 602 564 error
632 530 828 565 omittendi
858 530 1044 576 interjecta
1078 530 1194 565 eidem
1216 531 1302 566 voci
1323 529 1380 565 bis
1403 531 1549 577 politae,

232 585 303 631 (ut
324 586 384 620 hic
397 585 542 633 frangit
574 605 628 611 -
644 584 815 632 frangit)
841 598 909 620 una
931 598 1012 619 cum
1042 587 1114 633 ipsa
1134 586 1203 620 hac
1223 585 1413 633 posteriori
1435 592 1563 624 voceg.

233 651 270 676 et
292 641 397 688 plane
419 653 465 674 ex
488 652 588 673 more
610 639 848 686 Quintiliani,
875 640 1042 687 exempla
1065 642 1262 688 praeceptis
1293 653 1367 674 non
1396 641 1549 690 jungen-

234 697 281 730 tis
305 695 427 733 modo,
452 694 507 728 sed
534 694 688 728 libenter
709 695 957 734 immisccntis,
987 705 1061 730 erat
1081 695 1212 730 addere
1230 695 1341 730 verba
1365 694 1437 728 ista.
1491 694 1549 728 Sic
1576 689 1583 699 ⁸

232 749 343 799 paulo
374 758 454 783 ante
476 753 531 792 (ι,
554 755 591 796 4,
622 752 687 794 10)
717 749 804 784 duas
824 750 932 784 etiam
957 749 1117 798 exempli
1138 751 1235 785 causa
1259 750 1378 784 dicere
1398 747 1550 784 videba-

234 815 307 840 tur.
364 807 413 839 Et
434 803 540 838 habet
565 816 613 842 ea,
639 815 780 851 praeter
803 804 938 840 multos
964 806 1095 844 Codd„
1123 805 1234 840 etiarn
1253 804 1375 841 Guelf.
1429 799 1562 851 Quian-f

231 870 343 907 quam
370 859 486 909 igitur
506 859 622 906 ipsum
646 861 796 899 sonum,
826 861 890 906 qni
910 860 1046 907 fractus
1066 861 1220 899 dicitur,
1248 861 1460 910 ignoramus
1484 857 1550 892 ho-

232 915 313 954 die,
343 923 485 948 tantum
511 924 630 948 tamen
651 914 722 948 hoc
744 914 914 962 exemplo
931 915 1112 955 discimus,
1142 917 1199 966 agi
1221 915 1265 950 de
1287 914 1440 962 quadam
1464 925 1550 948 con-

231 970 437 1005 sonantium
461 968 615 1003 duarum
636 971 902 1016 conjunctione.
926 970 989 1004 ubi
1014 970 1162 1005 secunda
1181 970 1376 1008 afficiatur,
1405 980 1449 1003 eo
1469 980 1551 1004 mo-

232 1025 292 1064 do,
322 1037 432 1071 quem
450 1023 648 1071 frangendi
670 1024 850 1059 vocabulo
870 1025 1050 1072 appellent
1067 1036 1218 1060 veteres.
1276 1016 1450 1072 optabile*
1468 1022 1564 1070 qui-'

232 1080 316 1114 dem
340 1089 437 1118 erat,
465 1086 508 1112 ut
531 1078 699 1127 pluribus
725 1081 1055 1115 Grammaticorum
1081 1080 1172 1115 locis
1196 1080 1277 1115 usus
1297 1079 1358 1114 hic
1376 1077 1550 1114 vocabuli

231 1134 422 1183 peculiaris
445 1134 597 1182 proprie
618 1134 807 1173 finiretur,
838 1135 892 1171 sed
913 1134 999 1170 tales
1020 1147 1137 1182 neque
1158 1147 1178 1168 a
1197 1135 1278 1171 VV.
1299 1134 1388 1170 DD.
1407 1144 1550 1168 memo-

231 1196 360 1225 rantur
397 1188 487 1228 ulli,
519 1202 638 1236 neque
671 1189 743 1238 ipse
776 1190 916 1224 inveni.
983 1192 1064 1228 Jarn
1101 1189 1286 1224 observari
1318 1197 1501 1226 meretur,
1529 1199 1550 1222 ο

231 1242 450 1292 Quintiliani
472 1245 642 1279 sententia
655 1270 664 1283 ,
695 1245 970 1279 consonantium
999 1244 1138 1279 nullam
1167 1245 1223 1280 bis
1242 1246 1396 1293 politam
1417 1243 1455 1277 in
1475 1254 1550 1277 una

229 1300 329 1348 polI'e
351 1299 471 1333 efferri
494 1298 637 1346 syllaba,
660 1301 764 1346 seque
785 1299 873 1334 adeo
896 1300 1006 1347 ipsam
1031 1300 1206 1349 frangere.
1264 1299 1350 1334 Sive
1369 1298 1468 1333 enim
1489 1296 1550 1335 dd.

230 1357 305 1390 five
326 1366 582 1401 quamcunque
612 1354 762 1388 tandem
791 1354 934 1389 literam
967 1354 1024 1389 bis
1053 1366 1187 1403 pones,
1216 1351 1278 1390 vel
1298 1354 1336 1388 in
1360 1353 1469 1388 initio
1487 1350 1551 1390 vel

229 1410 271 1444 in
301 1410 371 1444 fine
394 1408 566 1456 syllabae,
595 1410 738 1444 nonnifi
763 1409 868 1444 semel
891 1410 1013 1444 audies
1036 1410 1059 1443 d
1084 1419 1150 1444 cet.
1164 1434 1174 1449 ‚
1202 1421 1278 1457 quo
1298 1418 1446 1457 apparet
1466 1405 1552 1442 alte-

229 1477 307 1499 ram
331 1464 355 1498 d
377 1463 496 1510 perire
517 1463 623 1511 plane
650 1476 768 1510 neque
798 1465 895 1499 coire
922 1465 962 1498 in
986 1466 1016 1500 se
1038 1465 1164 1512 ipsam.
1221 1466 1331 1514 Atqui
1350 1468 1368 1508 ζ
1377 1464 1427 1498 ita
1449 1462 1550 1497 enim
1570 1460 1571 1465 ¹

230 1519 420 1554 continuat
449 1519 820 1569 argumentationem)
854 1521 956 1554 litera
984 1521 1005 1554 Ι
1023 1519 1095 1569 fibi
1123 1519 1252 1569 infidit.
1312 1520 1384 1553 Sibi
1403 1517 1550 1566 insidere

230 1574 363 1609 itidem
391 1586 489 1609 nove
509 1573 643 1608 dicitur
665 1573 815 1613 vocalis,
846 1575 901 1608 sed
923 1574 1026 1608 facile
1045 1574 1292 1624 intelligitur,
1318 1585 1435 1620 neque
1457 1583 1550 1620 opus

230 1629 279 1664 est
310 1629 535 1666 mutatione.
564 1629 708 1675 qualem
742 1641 787 1663 ex
817 1630 941 1677 paucis
966 1629 1081 1665 Codd.
1108 1639 1248 1663 tentant
1279 1627 1492 1663 Gebhardus
1515 1636 1552 1662 et

230 1684 461 1722 Obrecht-us,
491 1695 574 1717 cum
604 1684 736 1722 ceteri,
766 1684 861 1718 inter
891 1697 983 1732 quos
1007 1683 1150 1723 Gneff„
1181 1683 1402 1718 consentiant
1427 1694 1552 1717 omnes

229 1740 270 1774 in
303 1748 496 1786 receptam.
556 1739 628 1773 Sibi
657 1737 774 1788 insidit
798 1738 896 1773 nihil
927 1739 1026 1773 aliud
1051 1739 1118 1779 est,
1147 1739 1234 1778 nisi,
1264 1741 1333 1773 coit
1356 1742 1390 1773 in
1403 1736 1466 1786 se,
1495 1737 1552 1772 bis

228 1795 382 1843 ponitur
402 1794 570 1841 deinceps
594 1803 629 1827 et
653 1803 771 1828 tamen
793 1793 898 1828 fimul
917 1795 1194 1842 pronunciatur.
1250 1796 1351 1832 Hoc,
1381 1788 1574 1839 tanquam⁹

230 1848 412 1896 exemplo,
438 1849 542 1883 docet
562 1848 676 1883 verbo
696 1851 846 1893 conjicit.
903 1852 946 1883 In
967 1862 1041 1896 quo
1065 1849 1246 1884 afferendo
1268 1849 1411 1882 mirum
1434 1845 1551 1895 potest

229 1904 371 1943 videri,
399 1904 499 1951 quod
534 1904 587 1938 ait
617 1905 757 1948 conjicit
785 1907 902 1939 anim
930 1905 996 1939 effe
1029 1904 1071 1939 ab
1094 1904 1160 1938 illo
1192 1905 1296 1938 Jacit.
1355 1902 1428 1949 Qui
1451 1901 1550 1942 inde,

228 1959 332 2007 quod
362 1958 409 1994 est
438 1972 458 1992 a
490 1960 602 1997 Jacit,
629 1959 791 2006 sequitur
814 1959 964 1993 insidere
986 1959 1049 1994 fibi
1069 1957 1115 1994 1'?
1169 1959 1228 1994 Ad
1250 1958 1322 1994 hoc
1343 1957 1551 2008 intelligen-

229 2015 320 2048 dum
351 2013 456 2049 unice
486 2014 574 2048 facit
609 2023 718 2061 caput
748 2013 896 2060 aliquod
925 2013 1014 2049 Auli
1043 2013 1173 2053 Gellii,
1202 2013 1399 2048 indicatum
1430 2014 1504 2058 jam
1530 2025 1551 2046 a

229 2069 442 2105 Mosellano.
500 2068 640 2104 Gellius
663 2069 760 2103 enim
780 2076 827 2115 4,
850 2082 877 2103 c.
905 2079 965 2110 17.
988 2070 1064 2104 fuse
1082 2069 1186 2104 docet
1210 2069 1389 2103 rationem
1414 2067 1550 2116 produ·

231 2124 362 2158 cendae
380 2124 519 2172 primae
538 2125 578 2157 in
597 2123 814 2169 hujusmodi
834 2124 1046 2158 vocabulis:
1077 2126 1253 2169 conjicere,
1281 2115 1442 2161 obicibus,
1465 2121 1552 2172 sul»-

230 2180 348 2215 itibus.
405 2180 526 2229 Negat
553 2178 715 2213 vocalem
750 2179 828 2224 ejus
858 2179 1004 2229 longam
1034 2180 1122 2218 elle,
1161 2190 1277 2226 neque
1311 2188 1430 2212 tamen
1467 2177 1551 2212 vult

231 2234 369 2282 corripi
391 2234 574 2279 ejusmodi
599 2233 749 2281 syllabas
763 2258 773 2272 ‚
797 2233 853 2268 sed
876 2233 926 2268 ait
953 2237 1070 2282 politu
1091 2234 1195 2268 reddi
1217 2233 1369 2282 longasg
1407 2232 1547 2266 tertiam

231 2299 355 2324 autem
379 2289 523 2323 literam
545 2302 583 2324 v.
608 2301 637 2323 c.
662 2288 703 2322 in
726 2289 877 2324 obicibus
894 2301 961 2336 per
980 2289 1053 2324 duo
1072 2292 1112 2327 Ι,
1139 2301 1213 2323 non
1237 2300 1303 2336 per
1323 2300 1452 2326 unum,
1482 2287 1549 2322 effe

230 2344 472 2380 scribendum.
529 2345 650 2383 „Nam
681 2342 837 2379 verbum
867 2343 981 2383 istud,
1010 2344 1070 2378 cui
1094 2345 1198 2392 supra
1219 2343 1333 2377 dictae
1353 2341 1550 2391 particulae

230 2401 474 2447 „praepositae
496 2399 598 2437 sunt,
626 2411 700 2433 non
724 2401 789 2433 icio
812 2397 865 2433 est
880 2398 937 2433 red
954 2402 1088 2444 jacio.¹‘
1142 2401 1199 2433 En
1221 2397 1331 2445 ipsam
1356 2395 1550 2445 Quintilia-

229 2455 270 2488 ni
291 2455 485 2488 rationem.
543 2445 633 2489 Ufiis
654 2453 818 2488 obtinuit
839 2454 878 2488 in
899 2453 1070 2488 omnibus
1093 2466 1139 2487 ex
1154 2455 1250 2498 jacio
1268 2452 1484 2500 complitis,
1505 2460 1550 2486 ut

230 2510 374 2543 nonnisi
398 2522 473 2542 uno
500 2510 516 2543 ῐ
539 2508 798 2548 scriberentur,
823 2518 866 2543 ut
884 2512 1046 2547 conicere,
1067 2509 1210 2547 obicere,
1223 2506 1391 2555 suhicere,
1411 2509 1548 2546 inicere,

233 2564 333 2610 quod
361 2565 565 2598 etiamnum
587 2563 772 2598 observari
795 2563 965 2599 videmus
987 2565 1027 2597 in
1048 2564 1200 2598 obicibus
1218 2572 1254 2596 et
1275 2563 1450 2597 Ennianis
1471 2561 1547 2596 illis

223 2619 415 2668 Jislffcibus.
446 2619 566 2653 Etiam
584 2629 710 2666 poetae
728 2618 795 2653 hac
814 2617 959 2652 licentia
979 2628 1144 2656 utuntur,
1163 2628 1205 2652 ut
1222 2616 1389 2655 Juvenal.
1407 2624 1467 2659 15,
1483 2626 1542 2659 ²7·

229 2684 264 2707 et
288 2673 449 2710 Martial.
473 2685 533 2711 ια’,
557 2681 623 2718 82,
647 2687 680 2707 1.
702 2674 768 2720 qui
791 2674 896 2708 abicit
915 2684 950 2707 et
969 2675 1076 2708 adicit
1097 2674 1270 2720 usurpant
1289 2673 1405 2723 prima
1425 2671 1543 2706 brevi.

227 2729 273 2764 cf·
306 2731 408 2764 Serv.
432 2729 476 2764 ad
507 2731 599 2764 Aen.
621 2735 670 2775 4,
700 2735 779 2776 549
814 2738 851 2763 et
877 2728 977 2763 Duk.
1010 2728 1054 2763 ad
1077 2727 1174 2763 Flor.
1202 2741 1235 2767 1,
1265 2739 1326 2766 ιο,
1350 2735 1388 2770 5.
1447 2728 1543 2762 Cum
