1656 2990
326 253 519 287 Lxxxvt
753 236 943 287 P-RAE
954 237 1131 287 FATI
1143 242 1208 297 Oi,

325 378 380 410 ac
402 362 718 427 typographi
733 379 946 422 errores,
981 366 1121 414 leves
1139 364 1431 428 plerosque,
1461 376 1631 427 quanq

323 466 480 514 quam
508 451 664 499 nimis
700 453 892 501 multos
923 470 1021 517 pro
1059 451 1352 516 diligentia,
1410 465 1541 514 quae
1570 451 1629 497 in

323 538 642 601 corrigendis
670 540 891 604 plagulis
919 540 1147 587 adhibita
1181 538 1251 587 est
1281 537 1501 594 summa,
1569 546 1631 584 ut

322 624 620 691 percensere
648 643 715 674 ne
742 629 1018 691 graveris,
1049 638 1324 689 antequam
1360 625 1424 674 ad
1456 623 1628 689 ipsum

323 730 457 777 opus
498 713 785 777 legendum
823 714 1052 770 accedas,
1119 712 1350 778 impense
1390 722 1441 759 te
1483 727 1628 774 rogo,

319 800 484 848 lector
517 802 795 858 benevole,
857 806 1001 862 cujus
1035 801 1250 866 quidem
1292 799 1488 861 judicio
1527 804 1629 860 jam

319 903 406 935 me
430 902 680 952 meosque
707 890 907 938 labores
939 891 1122 939 volens
1154 890 1413 954 permitto.
1486 887 1629 936 Reli-

320 991 454 1038 quos
502 977 814 1043 Quintiliani
853 978 1012 1026 libros
1050 979 1303 1026 continuo
1345 993 1430 1024 me
1479 967 1628 1022 datuss

318 1079 437 1111 rum
483 1061 646 1127 spero.
759 1068 975 1114 Interim
1046 1065 1197 1122 scito,
1261 1065 1408 1128 prelo
1461 1062 1629 1121 subje-

319 1150 462 1199 ctum
489 1149 639 1198 fuiffe
669 1154 1011 1217 Bipontinum
1035 1153 1294 1217 scriptoris
1322 1152 1428 1199 mei
1459 1156 1630 1197 exe'm-

316 1240 493 1305 plum,
532 1239 588 1286 in
619 1257 726 1303 quo
761 1239 824 1298 fi,
869 1259 1012 1289 nunc
1043 1240 1306 1288 mutandis
1333 1255 1473 1286 nunc
1507 1238 1629 1284 reti-

316 1327 504 1375 nendis
533 1326 902 1377 sententiarum
932 1327 1363 1382 diremtionibus,
1401 1326 1520 1390 plus
1555 1335 1627 1372 et-

317 1416 449 1472 iam,
493 1432 650 1479 quam
681 1417 935 1473 indicavi,
982 1416 1053 1464 est
1084 1417 1375 1471 turbatum,
1419 1414 1626 1462 veniam

319 1513 455 1569 peto.
531 1505 593 1551 In
623 1505 856 1568 'margine
887 1506 1136 1553 interiore
1160 1513 1363 1552 notatae
1396 1500 1517 1550 sunt
1537 1518 1626 1565 pa-

317 1591 467 1655 ginae
498 1592 920 1640 Burmannianae.
1023 1596 1170 1641 Dum
1202 1607 1328 1639 vero
1360 1588 1466 1653 ipsa
1499 1589 1625 1637 haec

316 1677 565 1743 praefatio
603 1681 742 1742 typis
777 1681 1109 1743 exprimitur,
1165 1679 1384 1743 effigiem
1417 1677 1625 1724 nummi

315 1763 462 1815 illius
486 1767 769 1824 Patiniani,
812 1768 1049 1815 habentis
1078 1783 1271 1816 nomen
1296 1764 1624 1832 Quintiliani,

317 1855 384 1902 de
406 1871 514 1918 quo
534 1852 687 1919 supra
718 1854 851 1913 dixi,
888 1871 1093 1904 mecum
1119 1852 1523 1902 communicavit
1543 1852 1627 1898 vir

317 1942 580 1999 eruditus,
606 1942 876 2007 literisque
895 1943 1136 2003 juvandis
1156 1941 1355 2005 semper
1379 1941 1626 1996 intentus,

317 2029 598 2087 Kirchhof,
637 2033 850 2079 Senator
882 2028 1308 2095 Hamburgenfis,
1347 2025 1627 2076 conceffam

317 2119 413 2169 fibi
441 2119 502 2166 ab
525 2117 850 2167 illustriffima
869 2118 1248 2182 doctiffimaque
1270 2117 1473 2166 Comite
1495 2117 1627 2162 Ben-

317 2207 538 2264 finckia,
574 2205 731 2271 ipfius
765 2209 972 2257 nummi
1002 2207 1227 2256 domina.
1306 2206 1528 2273 Apparet
1549 2202 1626 2249 ibi

318 2313 375 2345 os
407 2294 626 2358 Augusti
653 2294 925 2356 aliorsum,
974 2313 1131 2358 quam
1164 2294 1221 2341 in
1243 2291 1410 2340 Patini
1445 2288 1624 2354 effigie,

312 2383 569 2447 spectans,
610 2382 857 2431 videlieet
888 2380 1228 2431 sinistrorsum
1249 2377 1385 2427 illud
1409 2393 1626 2426 conver-

317 2472 460 2518 titur.
539 2471 582 2520 C
606 2480 780 2518 autem
808 2469 924 2519 satis
949 2467 1219 2518 manifesto
1250 2463 1543 2530 agnoscitur
1567 2465 1625 2511 in

315 2558 531 2606 nomine
548 2593 562 2614 ,
603 2574 900 2622 quanquam
927 2559 1100 2622 aliqua
1130 2554 1200 2640 est
1234 2556 1506 2603 literarum
1535 2551 1627 2600 ob-

316 2645 541 2693 scuritas.
