1656 2990
350 185 515 231 INST.
553 183 830 231 ORATOR.
867 182 987 228 LIB.
1023 182 1117 231 III,
1155 190 1201 235 8.
1348 192 1443 240 537

67 344 69 347 -
115 306 243 361 cum'
273 310 522 362 Ciceroni
556 309 798 359 dabimus
826 307 1131 366 confilium,
1183 316 1246 356 ut
1275 305 1447 357 Anco-

114 391 253 437 nium
282 399 459 458 roget,
497 388 585 436 vel
621 387 778 436 etiam
812 396 869 435 ut
889 386 1206 450 Philippicas
1233 382 1339 444 (ita
1364 384 1447 432 vi·-

114 475 222 513 tam
255 465 541 530 pollicente
574 467 670 529 eo)
705 474 918 521 exurat,
957 480 1071 512 non
1102 460 1448 527 cupiditatem

110 541 247 591 lucis
272 541 614 608 allegabimus
654 541 813 604 (haec
838 541 982 589 enim
1012 539 1051 588 fi
1079 540 1222 589 valet
1248 539 1306 587 in
1338 538 1449 586 ani-

108 633 202 667 mo
242 622 380 680 ejus,
448 618 740 667 tacentibus
783 634 1001 683 quoque
1042 617 1215 666 nobis'
1248 616 1448 679 valet),

96 691 224 752 sed,
291 705 355 744 ut
386 693 438 743 se
477 693 797 760 reipublicae
833 693 1026 753 servet,
1096 693 1446 743 hortabimur.

107 772 219 819 Hac
248 772 332 820 illi
370 789 506 837 opus
543 771 616 821 est
651 770 942 830 occasione,
995 788 1064 820 ne
1099 787 1223 818 eum
1257 770 1508 831 talium47

18 863 96 906 282
107 858 330 913 precum
355 849 568 914 pudeat.
645 853 712 899 Et
740 851 796 900 C.
830 847 1034 900 Caesari
1061 846 1337 897 suadentes
1370 862 1452 895 re-

103 1001 275 1039 ambitum
300 1000 341 1038 h.
369 1015 401 1038 e.
431 1003 700 1039 affectationem
730 1002 884 1052 peritiae
910 1013 1041 1038 rerum
1073 1001 1118 1036 ad
1146 1010 1241 1035 artes
1261 999 1451 1048 pertinen-

104 1058 254 1106 tium);
283 1058 363 1099 sed,
390 1060 567 1107 quoniam
589 1059 790 1095 ridiculum
814 1059 1032 1097 videbatur,
1063 1056 1299 1092 ambitiosum
1330 1055 1452 1103 appel-

102 1112 174 1148 lari
193 1126 292 1154 eum,
320 1115 388 1162 qui
406 1117 544 1150 recusat
563 1116 691 1150 audire
710 1129 868 1163 nequam
880 1140 891 1154 ,
920 1113 1060 1150 molliit
1079 1113 1306 1148 vocabulum
1330 1111 1452 1151 solito,

103 1169 144 1204 in
163 1168 312 1210 talibus,
342 1170 607 1211 additamento,
635 1173 744 1207 velut.
795 1171 1060 1208 Consu-sionem
1073 1167 1140 1205 τῶν
1162 1170 1219 1204 vel
1238 1179 1274 1204 et
1285 1169 1383 1215 velut
1402 1168 1453 1203 fa-

102 1224 280 1261 cillimam
299 1226 522 1261 demonstrat
532 1227 720 1263 Drakenb.
742 1227 783 1263 ad
796 1227 884 1262 Liv.
908 1227 971 1266 26,
986 1236 1051 1270 37,
1074 1234 1111 1269 5.
1141 1227 1200 1261 De
1215 1226 1281 1260 usu
1296 1225 1367 1259 hoc
1386 1221 1453 1259 τοῦ

101 1282 202 1318 velue
222 1281 269 1318 cf.
286 1282 398 1318 noftr.
420 1292 458 1323 2,
472 1292 509 1327 7,
524 1290 563 1327 5.
788 1284 828 1319 C.
845 1281 1001 1332 Caesari.
1034 1282 1098 1318 Sic
1118 1284 1212 1327 (non
1235 1282 1322 1327 cajo
1346 1277 1448 1329 Caes.

160 1419 238 1442 cum
250 1407 410 1443 Ciceroni
420 1426 474 1435 ——
485 1417 629 1443 exurat.
660 1409 750 1447 „So-

97 1458 211 1502 „lent
229 1481 286 1489 —
307 1461 506 1498 scholastici
531 1462 750 1498 declamato-

108 1528 192 1565 ,αρε
211 1530 361 1566 ponere,
390 1518 584 1554 Deliberat
605 1518 749 1557 Cicero,

108 1586 182 1614 „an
219 1575 463 1622 promittente
491 1573 643 1610 salutem
675 1577 750 1609 An-

110 1630 256 1670 „tonim
286 1631 473 1666 orationes
502 1631 580 1666 suas
603 1629 753 1665 combu-

109 1693 228 1726 ,‚rat.“
284 1689 416 1722 Seneca
444 1695 550 1734 pater
590 1699 627 1735 p.
670 1686 750 1735 ssip.

804 1406 957 1455 piditati
985 1406 1106 1446 vitae.
1157 1415 1195 1441 et
1223 1405 1450 1454 insperatum

804 1464 966 1497 nitorem
989 1462 1173 1498 consciscit
1195 1462 1328 1500 oratio,
1357 1473 1453 1509 quae

806 1518 902 1554 nihil
935 1518 1045 1553 habet
1074 1518 1296 1568 elegantiae,
1323 1518 1348 1552 fi
1369 1530 1452 1565 per-

806 1573 998 1625 vulgatam
1027 1573 1126 1622 apud
1153 1573 1377 1608 recentiores
1399 1573 1452 1609 al-

809 1631 958 1677 legandi
1003 1629 1219 1678 potestatem
1269 1638 1450 1664 tenemus.

808 1685 981 1720 Procedit
1011 1695 1134 1721 autem
1167 1685 1256 1721 haec
1281 1686 1381 1720 ratio
1409 1686 1450 1720 in

110 1750 176 1786 57.
206 1743 311 1789 cujus
333 1742 358 1778 6
378 1752 417 1778 et
439 1752 461 1786 7
482 1742 657 1777 suasoriae
669 1743 753 1777 sun‘t

109 1797 156 1833 de
177 1797 356 1834 Cicerone
386 1808 423 1834 et
451 1797 496 1833 de
517 1797 586 1833 hae
605 1798 679 1846 ipsa
697 1810 750 1834 re.

109 1854 243 1889 Seneca
262 1863 384 1889 tamen
403 1855 578 1901 „Hujus·‘
589 1855 639 1889 ait
651 1855 752 1894 „sua-

109 1909 251 1948 „toriae
279 1909 432 1945 alteram
466 1920 609 1959 partem
636 1911 751 1945 nemi-

109 1978 219 2004 „nem
245 1966 318 2002 scio
337 1965 585 2002 declamaffe.“
611 1979 648 2015 p.
668 1972 736 2014 41.

163 2022 413 2070 allegabimus.
452 2024 552 2059 Cave
571 2023 754 2070 interpre-

42 2086 46 2089 “
110 2078 222 2113 teris:
270 2078 586 2118 memorabimus,
627 2079 752 2114 assere-

108 2145 207 2169 mus.
248 2135 420 2182 Allegure
441 2147 569 2185 graece
587 2135 636 2169 est
653 2147 753 2184 προσ·-

109 2189 259 2235 πὲμπειν
286 2189 361 2225 scil.
389 2189 537 2237 φίλουςε
597 2191 752 2226 Mittere

109 2245 156 2280 ad
178 2245 338 2293 aliquem
359 2247 506 2286 amicos,
528 2247 595 2294 qui
609 2246 751 2294 aliquid

110 2301 147 2336 ei
159 2302 408 2349 persuadeant,
425 2302 597 2350 precibus
610 2313 647 2337 et
666 2315 751 2338 con-

109 2355 198 2392 filiis
215 2357 260 2392 ab
283 2370 327 2392 eo
346 2369 573 2409 expugnent.
614 2358 750 2394 Multis

109 2411 205 2448 lianc
239 2413 539 2464 significationem
568 2414 748 2463 exemplis

111 2467 332 2504 demonstrat
351 2471 380 2503 1.
394 2471 455 2504 Fr.
467 2471 683 2506 Gronovius
704 2470 749 2505 ad

110 2523 200 2560 Liv.
220 2524 294 2568 36,
328 2538 390 2564 ιι,
424 2540 458 2560 1.
491 2526 582 2562 adde
614 2528 660 2562 L.
690 2529 750 2562 Se-

111 2590 239 2614 nemrn
258 2580 305 2615 de
322 2582 448 2617 Benef.
471 2590 508 2625 5,
532 2591 596 2626 25.
616 2596 652 2631 p.
668 2593 748 2631 299

111 2635 223 2675 ..Diis
265 2648 414 2684 quoque
449 2638 670 2681 Homericus
706 2638 751 2672 il·

111 2689 172 2730 „le
214 2692 374 2727 sacerdos
413 2694 554 2742 allegat
594 2694 753 2730 officia.“

112 2747 168 2782 Ita
184 2746 222 2782 h.
245 2747 271 2783 l.
291 2749 442 2797 persona
462 2749 673 2799 imponitur
690 2763 752 2786 cu-

808 1741 984 1777 omnibus
1028 1741 1143 1777 nostri
1182 1742 1304 1791 operis
1344 1740 1450 1780 locis.

806 1797 915 1833 velut
938 1803 984 1845 4,
1016 1811 1062 1838 ι,
1096 1792 1158 1842 1'3.
1193 1797 1266 1839 16;
1300 1798 1363 1832 etfi
1385 1796 1452 1835 ob·

806 1854 961 1893 scurius,
990 1854 1129 1893 fateor,
1161 1863 1198 1898 7,
1227 1859 1265 1901 4,
1299 1864 1364 1889 21.

862 1908 1056 1959 occasione.
1112 1910 1448 1958 Capperonnerius.

806 1966 886 2014 post
906 1979 1065 2015 eumque
1085 1967 1278 2005 Gesnerus,
1300 1979 1319 2001 e
1339 1967 1450 2002 Grae-

808 2034 938 2057 corum
1007 2022 1203 2057 rhetorum
1263 2021 1450 2058 vocabulo

806 2073 951 2127 οἷφορμῆ
970 2078 1042 2114 hoc
1057 2088 1192 2114 mutuo
1206 2079 1369 2114 sumtum
1382 2092 1451 2128 pu·

808 2144 906 2175 tant3
922 2157 924 2162 »
938 2144 975 2169 et
998 2136 1158 2183 apposite
1180 2136 1209 2170 Ι.
1232 2136 1274 2172 C.
1296 2134 1370 2170 Th.
1382 2137 1451 2170 Er·

806 2191 925 2225 nestus
949 2191 989 2225 in
1015 2191 1053 2226 h.
1077 2203 1117 2226 v.
1139 2191 1225 2226 citat
1245 2191 1448 2239 Ulpianum

807 2246 852 2280 ad
910 2246 1103 2281 Demosth.
1155 2247 1447 2283 Androtianam:

806 2300 1035 2341 θαυμαστέος
1074 2302 1241 2349 φοιῖιεται
1276 2298 1295 2338 o‘
1320 2301 1446 2368 ῥήτωρ.

807 2353 912 2393 δεινος
936 2355 1007 2409 γάρ
1025 2373 1088 2394 καί
1115 2359 1147 2394 ἒν
1179 2355 1320 2409 ἐπέ-9015
1343 2374 1449 2410 ἔυ-ρέἰν

805 2410 984 2464 οἷφορμοίς.
1042 2415 1155 2453 Vides
1194 2411 1356 2463 οἷφοραῇν
1393 2429 1450 2451 ea-

806 2471 890 2505 dem
911 2469 1018 2519 plane
1036 2471 1209 2520 potestate
1226 2473 1448 2521 usurpatam,

806 2539 878 2574 qua
898 2526 1021 2562 nostro
1039 2525 1122 2562 loco
1141 2526 1381 2577 occafionem;
1400 2529 1449 2563 est

805 2582 901 2617 ratio
930 2583 998 2618 sese
1028 2582 1270 2632 expediendi,
1302 2584 1448 2620 honesta

806 2639 951 2687 species.
1005 2639 1065 2674 Sic
1087 2640 1164 2675 sere
1187 2648 1224 2676 et
1255 2639 1305 2680 6,
1337 2654 1380 2680 ι,
1408 2648 1447 2684 5.

812 2704 874 2734 12,
909 2707 970 2734 ιο,
1005 2705 1067 2739 ¹5·

865 2751 904 2788 C.
919 2750 1064 2802 Caesari
1081 2772 1135 2781 —
1149 2765 1309 2802 regnum.
1339 2751 1450 2787 Simi-
