1656 2990
412 268 575 314 INST.
609 267 889 314 ORATOR.
929 267 1049 311 ΜΒ.
1082 267 1128 324 1,
1163 277 1208 322 5.
1299 258 1306 261 “
1386 279 1478 325 131
1526 301 1544 308 -

130 410 215 446 res
263 393 603 443 instituerunt
652 394 860 442 Graecis
909 391 1222 442 nominibus
1262 395 1480 445 Graecas

131 471 510 521 declinationes
534 472 713 535 potius
739 469 887 518 dare:
930 469 1080 534 quod
1104 480 1278 519 tamen
1301 471 1477 537 ipsum

129 566 244 599 non
276 547 480 619 semper
510 545 626 595 fieri
662 545 842 612 potest.
914 547 1059 596 Mihi
1095 557 1271 596 autem
1305 549 1476 614 placet

113 627 372 676 'Latinam
413 626 672 674 rationem
716 624 896 690 sequi,
955 641 1236 690 quousque
1280 624 1476 691 patitur

131 702 305 753 decor.
384 703 578 766 Neque
623 703 768 750 enim
805 705 908 762 jam
951 698 1295 768 Calypsonem
1330 703 1477 752 dixe-

127 781 249 838 rim,
272 789 332 830 ut
350 781 625 834 Iunonem:
666 795 970 844 quanquam
991 777 1198 828 secutus
1226 781 1506 846 antiquos

127 857 185 907 C.
213 855 394 908 Caesar
414 858 584 904 utitur
614 855 710 903 hac
733 857 940 910 ,Υειῖίοηε
966 854 1283 904 declinandi.
1363 857 1467 906 Sed
1480 860 1534 910 64

126 936 487 986 auctoritatem
524 911 856 982 consuetudo
889 931 1169 998 superavit.
1242 935 1304 982 In
1334 945 1470 984 cete·

123 1012 251 1070 ris,
259 1027 394 1076 quae
426 1021 580 1075 'potei
586 1020 682 1058 unt
714 1001 945 1075 unoque
975 1009 1141 1060 modo
1175 1027 1286 1059 non
1318 1011 1470 1060 inde-

124 1098 302 1137 center
349 1085 556 1144 esteui,
618 1088 714 1151 qui
759 1089 1007 1136 Graecam
1056 1085 1293 1153 figuram
1318 1086 1471 1154 sequi

121 1165 303 1223 malet,
353 1182 466 1214 non
495 1164 680 1213 Latine
714 1163 963 1229 quidem,
1002 1130 1123 1212 sedo
1128 1165 1255 1212 citra
1292 1181 1471 1231 repre-

117 1236 429 1292 hensionem
450 1243 716 1307 loquetur.
798 1242 1073 1306 Simplices
1098 1258 1271 1300 voces,
1294 1244 1467 1308 prima
1478 1244 1531 1291 6⁵

119 1317 403 1385 positione,
446 1318 506 1368 id
533 1316 607 1367 est
632 1328 822 1368 natura
850 1317 970 1377 sua,
1014 1317 1278 1368 constant:
1325 1336 1473 1369 com-

203 1470 322 1508 nutet.
379 1472 439 1508 Sic
461 1470 584 1508 Guelf.
607 1471 708 1510 Voff.
738 1484 770 1507 1.
798 1481 834 1516 5.
893 1471 1086 1508 Accedunt
1115 1471 1183 1520 qui
1212 1471 1405 1522 geminant
1433 1472 1468 1512 1.

120 1539 188 1577 per
209 1540 387 1568 errorem,
409 1529 516 1565 Bodl.
542 1528 640 1563 Alm.
661 1529 749 1563 Loc
776 1527 1118 1566 Ven.Ald.Via1-t.
1180 1527 1357 1565 Nostrum
1378 1528 1468 1565 dant

122 1584 233 1620 etiam
255 1580 595 1623 Bad.001iu.0br.
655 1585 780 1621 ceteri
802 1586 914 1620 malie.
974 1586 1097 1620 Etiam
1120 1584 1385 1621 Lochmannus
1410 1587 1468 1632 ju-

120 1639 184 1675 bet
208 1641 349 1676 restitui
376 1642 485 1677 malet
516 1643 645 1692 Progr.
676 1642 763 1675 anni
790 1647 906 1689 1789.
1130 1644 1246 1689 prima
1275 1640 1464 1691 positione,

120 1697 160 1732 id
190 1695 241 1746 est
273 1708 399 1734 natura
421 1697 504 1747 sua.
567 1692 729 1734 conatus
759 1698 838 1732 [um
872 1697 1025 1733 reddere
1055 1698 1237 1732 rationem
1262 1696 1464 1734 locutionis

119 1756 235 1802 prima
264 1751 439 1803 positione
469 1752 642 1804 confiant.
702 1755 806 1788 Dura
829 1764 950 1788 tamen
973 1767 1013 1788 ea
1036 1754 1128 1788 mihi
1155 1754 1308 1788 videtur
1329 1763 1364 1788 et
1387 1753 1466 1791 levi

118 1809 327 1844 mutatione
346 1811 466 1859 aptior
487 1811 586 1859 posse
606 1810 701 1845 effici
725 1810 908 1845 sententia.
965 1810 1004 1845 Si
1027 1809 1221 1856 abjicimus
1242 1810 1279 1845 id
1301 1808 1364 1859 est,
1387 1811 1462 1845 fen-

112 1865 176 1901 [ns
209 1866 279 1900 erit
310 1865 391 1901 hic:
423 1868 606 1915 Simplices
637 1880 739 1902 voces
771 1877 899 1901 natura
925 1864 996 1913 sua
1025 1865 1061 1900 h.
1085 1878 1115 1900 e.
1152 1867 1185 1901 se
1217 1866 1322 1914 ipfin,
1364 1866 1462 1907 solis,

117 1917 270 1968 αὖτοῖὶς,
312 1921 492 1972 conseant,
530 1926 646 1971 prima
676 1921 851 1972 positione
881 1921 918 1956 h.
952 1935 983 1956 e.
1019 1922 1058 1956 in
1095 1922 1174 1956 casu
1207 1923 1460 1958 nominativo.

116 1979 223 2018 Jam,
263 1979 330 2026 qni
360 1981 574 2014 meminerit
606 1980 646 2013 in
679 1978 796 2015 Codd.
831 1980 967 2026 pariter
991 1988 1027 2013 et
1049 1977 1213 2025 antiquis
1238 1977 1320 2012 edd.
1345 1978 1382 2013 id
1406 1977 1459 2028 ‘fi

116 2034 187 2070 hac
217 2045 306 2069 nota
339 2035 447 2070 scribi
480 2039 559 2074 .ι’.,
597 2035 704 2070 facile
735 2035 858 2069 credet
891 2047 1001 2071 unam
1032 2033 1167 2069 lineam
1200 2034 1359 2083 potuisse
1391 2045 1459 2083 per

115 2103 282 2126 errorem
316 2091 411 2127 narei
438 2104 484 2126 ex
516 2093 612 2140 ipsa,
640 2105 732 2139 quae
764 2092 947 2139 sequitur,
976 2090 1083 2125 litera
1105 2105 1140 2125 n.
1198 2089 1460 2131 Blandiretnr.

115 2148 253 2183 necesse
286 2158 383 2188 erat.
414 2147 498 2183 talis
521 2159 625 2183 error
655 2148 816 2183 librariis
840 2148 885 2182 de
919 2146 1097 2182 sententia
1121 2147 1194 2194 ipsa
1218 2147 1294 2182 fere
1315 2148 1461 2183 securis.

114 2203 255 2242 Nullu-
289 2214 411 2239 tamen
439 2204 533 2241 eod.
559 2204 695 2239 addicit
725 2204 814 2239 huic
835 2204 1066 2249 conjecturae
1090 2215 1210 2251 neque
1234 2202 1307 2238 ulla
1330 2203 1459 2239 editio.

115 2261 303 2308 Quantum
338 2259 461 2295 forma
490 2261 551 2296 ista
581 2260 619 2296 id
647 2259 699 2309 est
730 2260 835 2296 abuti
862 2260 1004 2295 fuerint
1038 2258 1137 2295 soliti
1168 2258 1333 2298 librarii,
1373 2260 1461 2295 vide

107 2317 242 2355 Burin.
265 2316 310 2352 ad
330 2319 481 2352 Sueton.
496 2320 593 2369 Aug.
615 2330 644 2353 c.
659 2324 725 2363 88.
748 2326 891 2366 p.437.
912 2327 949 2351 et
968 2315 1175 2352 Ruhnk.ad
1196 2315 1326 2365 Vellej.
1340 2326 1378 2356 2.
1392 2326 1456 2360 25.

112 2450 169 2485 Sc.
194 2460 230 2489 2.
252 2462 292 2485 v.
316 2459 399 2495 2¹5,
402 2453 594 2500 ,genitivus
617 2449 756 2500 Oedipi
810 2450 917 2498 supra
938 2450 1144 2498 propofita‘e
1169 2463 1202 2489 1,
1225 2457 1262 2494 5,
1284 2457 1320 2492 5.
1349 2449 1394 2485 cf.
1418 2459 1454 2485 et

112 2503 285 2555 „faciew‘
816 2520 849 2546 1,
872 2515 908 2549 5,
934 2515 1000 2550 55.
1043 2503 1215 2554 Constant
1238 2505 1378 2541 dicitur
1397 2519 1454 2541 re-

172 2561 211 2596 C.
238 2561 367 2612 Caesar
391 2565 513 2599 utitur.
543 2562 753 2599 Rectissime
811 2562 995 2610 spiciendo
1027 2562 1072 2596 ad
1104 2560 1316 2612 compofitas
1338 2576 1451 2602 voces.

114 2611 188 2650 hoc
216 2615 320 2653 libris
341 2618 486 2654 duobus
508 2619 554 2654 de
575 2618 752 2670 analogia,
809 2631 902 2666 quae
922 2618 1014 2653 solae
1034 2619 1185 2666 proprie
1197 2615 1357 2668 constant
1370 2618 1406 2652 h.
1421 2632 1451 2654 e.

116 2669 339 2719 deperditis,
375 2675 454 2708 affio
437 2685 573 2726 gnamt
611 2689 630 2710 a
679 2695 692 2715 v
691 2676 753 2713 ⁷.V
810 2684 932 2723 partes
958 2675 1035 2709 suns
1054 2673 1204 2709 habent.
1249 2676 1368 2711 Prima
1390 2688 1457 2722 po}

114 2725 207 2763 DD.
237 2729 282 2763 cs.
310 2743 343 2768 ι,
364 2739 399 2771 7,
424 2739 487 2778 34.
803 2732 936 2781 sitione
958 2729 1118 2780 confiant
1142 2730 1179 2765 h.
1202 2744 1234 2766 e.
1266 2731 1305 2766 Si
1326 2743 1454 2775 veram

173 2784 570 2835 Si1mp1ices--00nstm
573 2798 599 2822 e.
612 2789 756 2823 Transit
813 2787 998 2837 originem
1033 2796 1070 2822 et
1110 2797 1276 2822 naturam
1320 2787 1456 2835 (impli-

115 2837 160 2873 ἰδ
179 2839 287 2877 aliam
305 2852 448 2889 partem
464 2837 655 2879 iuvifionis
674 2845 756 2879 suae
812 2844 911 2878 cium
930 2842 1024 2878 velis
1043 2855 1181 2883 eruere,
1204 2843 1454 2893 investiga-uda

890 2921 906 2954 1
940 2929 960 2953 2
