1656 2990
493 249 693 296 PRAE
711 250 955 296 FATIO.
1209 249 1402 296 xxxvii

55 350 370 446 Quintiliani
408 371 656 441 scriptor,
711 378 862 436 cujus
895 371 1186 426 breviffima
1218 390 1397 423 narra-

53 466 132 514 tio
161 463 294 513 solet
324 466 541 530 poniin
566 465 922 524 editionibus,
970 475 1021 513 et
1051 463 1124 514 est
1160 465 1218 514 in
1255 480 1395 513 men-

46 572 181 606 -rum
212 554 434 620 quidem
464 557 635 622 prima
666 556 1031 606 Locatelliana.
1111 557 1159 604 Is
1187 557 1283 620 qui
1318 553 1395 612 fit,

54 655 108 694 et
139 645 288 695 unde
316 643 572 712 scriptum
603 651 715 708 ejus
745 648 921 712 primo
949 644 1254 695 desumtum
1279 643 1399 694 fue-

56 736 154 795 rit,
198 753 323 785 curn
359 736 420 784 in
454 738 610 786 nullo
647 754 863 796 eorum,
911 737 1008 802 qui
1050 736 1228 784 collati
1260 734 1398 793 sunt,

50 825 323 876 Codicum
346 827 569 891 reperiri
591 827 864 886 videatur,
904 844 1016 876 non
1045 828 1209 893 magis
1239 843 1401 892 quam

47 913 320 964 -Gesnerus
350 915 523 966 habeo
557 916 744 966 dicere.
837 918 1097 966 Nicolaus
1134 917 1400 965 Antonius

53 1006 90 1055 l.
125 1023 166 1054 c.
211 1022 261 1071 p.
305 991 390 1054 Go.
450 1008 803 1056 Laurentium
846 1006 1050 1075 Vallam
1093 1004 1402 1070 suspicatur,

45 1092 147 1144 ‘sed
171 1095 246 1143 ita
271 1105 334 1144 ut
357 1096 590 1144 aliorum
612 1112 831 1162 quoque
856 1107 975 1145 ante
998 1095 1048 1144 se
1074 1096 1210 1144 hanc
1237 1093 1404 1159 suspi-

56 1186 269 1235 cionem
294 1182 448 1235 fuiffe
474 1184 725 1252 significet
746 1188 813 1256 *).
909 1191 1083 1256 Quae,
1127 1197 1188 1236 ut
1210 1202 1237 1233 a
1262 1185 1404 1234 veri-

55 1273 407 1325 similitudine
441 1293 555 1326 non
596 1278 872 1336 abhorret,
917 1278 977 1326 in
1013 1288 1158 1327 tanto
1191 1275 1404 1344 Quinti·

52 1365 189 1416 -liani
230 1364 408 1417 studio
443 1379 706 1432 quantum
743 1366 897 1418 fuisse
930 1369 1105 1417 Vallae
1131 1367 1404 1423 novimus,

46 1455 118 1508 in
149 1473 445 1532 magnaque
478 1457 659 1524 scripti
689 1459 972 1524 elegantia,
1023 1460 1096 1508 ita
1130 1456 1250 1507 finis
1285 1472 1406 1506 nar-

57 1547 279 1597 rationis
308 1547 467 1596 habet
507 1548 659 1613 quod
700 1546 990 1599 dissuadeat
1028 1549 1188 1598 talem
1229 1549 1407 1606 conje-

58 1647 276 1687 cturam.
394 1638 570 1703 Negat
619 1640 765 1690 enim
806 1657 1110 1706 anonymus
1148 1636 1226 1696 se,
1295 1653 1406 1701 quo

55 1738 301 1794 ‘ternpore
343 1725 612 1780 decesserit
651 1731 1043 1799 Quintilianus,
1091 1728 1233 1778 velle
1274 1724 1407 1774 affir-

56 1834 219 1876 mare,
257 1817 548 1883 „quoniam
585 1819 656 1875 is,
696 1821 793 1884 qui
831 1820 1027 1878 tradat,
1065 1817 1170 1868 fide
1193 1822 1407 1865 careat.“

58 1908 392 1979 Sequebatur
447 1925 572 1974 ergo
624 1908 714 1957 hic
772 1907 950 1958 noster
1009 1909 1178 1958 alium
1225 1916 1405 1956 aucto-

60 1999 211 2047 rem?
239 2049 242 2053 ,
269 1998 339 2046 At
377 2015 539 2064 quem
575 1998 790 2048 tandem
830 1999 1024 2047 illum?
1081 1999 1260 2047 Curve
1298 1993 1404 2045 fide

63 2104 191 2136 eum
231 2103 403 2136 carere
441 2089 549 2136 ait?
611 2088 674 2137 Id
715 2089 988 2137 neminem
1028 2087 1204 2138 adhuc
1245 2103 1406 2152 quae-

61 2174 173 2228 fiss'e
210 2178 406 2237 miror,
445 2194 622 2245 neque
658 2178 873 2230 videtur
908 2179 1230 2231 Laurentius
1255 2176 1402 2226 Valla

119 2374 161 2426 ³³)
188 2379 254 2415 Bis
283 2384 474 2428 comparet
499 2377 589 2415 haec
611 2381 692 2418 vita
719 2381 760 2418 in
790 2380 955 2418 editione
984 2382 1126 2421 Veneta
1161 2384 1280 2429 1494,
1309 2390 1403 2427 quae

169 2449 211 2484 in
249 2448 327 2498 ipso
365 2448 480 2485 titulo
521 2447 662 2486 dicitur
703 2451 771 2487 effe
803 2464 922 2491 „cnm
963 2460 1177 2486 commento
1204 2447 1401 2486 Laurentii

169 2517 350 2559 „Vallae“
378 2529 447 2555 cet.
475 2517 644 2569 primum
673 2519 716 2555 in
743 2521 878 2558 fronte,
910 2519 1043 2555 deinde
1072 2518 1117 2554 ad
1147 2519 1282 2555 calcem
1317 2530 1401 2567 ope·

170 2587 235 2623 xis.
294 2588 421 2624 Priore
442 2598 566 2625 autem
595 2589 680 2626 loco
705 2590 900 2639 postremis
919 2588 1141 2624 narrationis
1169 2587 1296 2625 verbis
1318 2598 1401 2622 con-

163 2655 282 2691 ·tinuo
310 2655 479 2695 additur:
518 2659 615 2699 „Sed
641 2660 717 2708 jam
750 2659 796 2696 ad
822 2659 939 2708 ipsam
965 2657 1314 2709 interpretationem
1335 2664 1402 2703 2¹⁸²·

175 2724 390 2764 nniamusd‘
1015 2718 1018 2721 ’

1462 2575 1482 2595 ⁴
