1656 2990
553 208 1042 262 PRAEFATIoj
1349 229 1457 262 ΜΝ

112 352 170 392 et
209 339 469 392 suavitate
513 352 568 392 et
618 340 846 392 candore
894 340 1456 394 commendatissimum

108 432 201 484 hic
229 450 407 484 coram
437 449 880 499 cognoveramus,
933 434 1203 494 Ulricum,
1253 433 1459 485 Profes-

110 521 285 574 sorem
302 522 656 574 Turicensem.
738 526 840 574 Hic
870 535 921 574 et
953 526 1301 576 celeberrimo
1324 526 1456 574 arni-

112 630 176 665 co
222 613 320 665 suo
367 625 420 664 et
461 632 586 677 meo*
624 616 945 684 Quintiliani
983 619 1092 667 mei
1131 615 1309 666 studio
1350 617 1456 665 hoc

112 704 277 764 dedit,
315 715 379 755 ut
409 706 695 771 diligenter
727 705 982 756 notandas
1021 724 1086 755 ex
1125 707 1230 757 hoc
1272 706 1456 756 codice

111 796 341 863 lingulas
371 794 658 862 scripturae
692 798 965 866 varietates
1006 799 1281 863 reciperet,
1321 814 1457 862 quo-

110 904 236 938 rum
265 886 523 954 primitias
557 904 586 934 a
622 889 780 935 tertio
811 886 878 935 acl
915 887 1093 952 quinti
1130 888 1257 936 libri
1297 885 1460 936 finem

109 994 284 1043 usque
316 974 383 1025 ad
412 992 498 1024 me
534 975 819 1024 mittendas
859 978 1086 1034 curavit,
1136 994 1248 1042 quo
1276 978 1337 1026 in
1370 994 1460 1043 ge-

107 1085 253 1126 nere,
294 1083 419 1117 cum
445 1063 586 1116 forte
607 1064 838 1129 aliquam
858 1066 1322 1132 Sulzbergerianae
1349 1069 1459 1116 col-

107 1159 323 1227 lationis
359 1167 564 1224 partem
605 1153 929 1221 repetiissent
962 1157 1034 1215 ii,
1112 1158 1311 1222 quibus
1353 1158 1458 1207 hoc

87 1249 421 1313 ¹mandatum
444 1246 534 1306 est,
575 1245 878 1296 ornatiffimi
901 1250 1140 1308 juvenes,
1178 1248 1330 1306 levis,
1368 1245 1460 1295 secl

105 1337 241 1399 rara,
282 1339 526 1405 apparuit
544 1347 908 1403 excerptamm
930 1339 1247 1387 varietatum
1268 1337 1460 1387 discre-

109 1431 302 1498 pantia.
380 1431 554 1491 Hujus
598 1429 766 1494 igitur
809 1427 938 1476 libri
982 1440 1036 1477 et
1075 1428 1290 1479 Codicis
1331 1432 1461 1491 ejus,

113 1523 212 1589 qui
252 1537 378 1570 cum
415 1519 703 1570 dominum
741 1515 1000 1567 llabuiffet
1040 1522 1258 1568 Petrum
1301 1522 1463 1568 Fran·-

113 1614 284 1670 cium,
333 1628 363 1659 a
401 1611 653 1660 collatore
694 1626 807 1659 non
848 1609 1120 1660 immerito
1156 1611 1462 1660 Almelove-

108 1704 304 1753 nianus
334 1699 407 1750 est
441 1701 749 1768 appellatus,
794 1716 918 1749 curn
944 1699 1263 1766 singularem
1294 1701 1464 1749 anim·
1498 1759 1501 1763 .

112 1789 444 1843 advertissem
478 1789 913 1848 fimilitudinem‚
971 1792 1125 1855 coepi
1162 1792 1464 1856 plurimum

112 1883 350 1937 tribuere
391 1884 502 1942 ejus
545 1879 859 1928 auctoritati.
970 1881 1166 1945 Neque
1211 1881 1359 1928 enim
1396 1879 1463 1928 de

114 1974 288 2040 pretio
315 1969 403 2020 isti
427 1968 602 2019 codici
626 1967 903 2018 statuendo
929 1970 1081 2018 aliter
1102 1969 1272 2018 sentio
1302 1986 1465 2035 quam

115 2062 454 2112 Lochmanus
490 2061 548 2108 V.
569 2060 627 2109 C.
649 2060 708 2107 in
729 2071 1120 2125 programmate
1147 2059 1293 2109 edito
1319 2052 1462 2107 anno

125 2165 284 2213 1788.
335 2168 385 2217 p.
425 2162 472 2208 5.
534 2150 631 2214 qui
677 2153 790 2211 ejus
838 2161 892 2198 et
935 2149 1212 2211 Bodleiani
1266 2151 1467 2216 primas

118 2240 292 2291 censet
339 2238 438 2289 effe
487 2250 657 2306 partes
704 2241 765 2288 in
818 2240 1140 2310 Quintiliani
1187 2250 1337 2289 textu
1384 2255 1467 2288 re·-r

116 2330 413 2399 purgando.
491 2331 643 2380 Illam
675 2340 879 2388 autem,
932 2347 1094 2395 quam
1131 2329 1270 2390 dixi,
1326 2328 1467 2378 fimi-

119 2421 410 2471 litudinem
443 2418 744 2471 Turicenfis
778 2431 830 2468 et
863 2421 1295 2470 Almeloveniani
1330 2417 1467 2476 satis,

123 2512 335 2579 opinor,
374 2498 703 2577 persuadebo
735 2511 802 2569 ei,
839 2511 1152 2576 quicunque
1182 2508 1469 2575 inspexerit

124 2600 258 2668 quae
278 2618 564 2651 monemus
596 2601 662 2649 ad
694 2614 758 2659 5,
797 2604 856 2659 6,
901 2618 982 2650 10.
1019 2599 1109 2649 etsi
1136 2599 1260 2650 sunt
1296 2600 1468 2665 pluri-

126 2708 214 2743 ma
246 2702 453 2759 praeter
486 2692 615 2742 haec
652 2692 798 2752 loca,
864 2688 1070 2750 fortasse
1096 2692 1262 2763 etiam
1298 2690 1468 2740 mani-
