1656 2990
254 225 317 269 ,ὃ
565 215 638 260 Μ.
673 213 804 260 ΕΑΒ.
841 215 1248 275 QU1NT1L1AN1

247 338 459 385 Faciant
474 337 615 384 enim
636 335 833 400 aliquid
845 334 1036 405 necesse
1048 335 1131 386 est.
1209 339 1314 387 Aut
1338 338 1565 398 curhoc,

248 414 770 476 quantulumcunque
794 410 879 468 est,
910 429 1074 476 usque
1098 412 1160 461 ad
1180 411 1373 479 septem
1395 431 1557 465 annos

246 486 457 535 lucrum
501 485 854 534 fastidiamus?
913 487 1047 536 Nam
1094 499 1227 537 certe
1272 491 1557 553 quamlibet

245 578 469 626 parvum
495 560 574 618 fit,
614 561 758 624 quod
784 563 1060 610 contulerit
1081 574 1211 612 aetas
1236 566 1410 629 prior,
1450 581 1557 614 ma-

216 641 356 698 ssjora
386 648 556 684 tamen
591 636 763 699 aliqua
791 634 948 683 discet
991 654 1124 701 puer
1161 655 1224 687 eo
1259 638 1369 704 ipso
1402 657 1556 698 anno,

185 728 353 775 19quo
387 714 590 758 minora
624 709 887 758 didicisset.
966 715 1079 760 Hoc
1097 729 1192 776 per
1218 712 1445 778 singulos
1467 731 1558 763 an·-

242 804 338 835 nos
375 796 731 856 prorogatum
748 823 760 843 ‚
819 786 877 833 in
923 783 1178 835 summam
1216 787 1445 853 proficit:
1506 800 1558 838 et

242 873 497 925 quantum
514 862 572 908 in
592 859 735 909 infan
743 863 808 908 tia
831 861 1184 925 praesumtum
1205 862 1276 911 est
1291 865 1555 928 temporis,

200 956 203 959 ¹
240 935 610 984 adolescentiae
642 938 937 1000 acquiritur.
1020 937 1165 985 Idem
1201 939 1354 986 etiam
1382 939 1447 987 de
1480 938 1557 987 se-

242 1012 522 1075 quentibus
545 1013 690 1073 annis
710 1022 1042 1076 praeceptum
1054 1011 1137 1060 fit:
1178 1030 1259 1070 ne,
1282 1013 1430 1077 quod
1447 1015 1550 1063 cui-

240 1103 343 1150 que
367 1086 672 1135 discendum
693 1087 779 1144 est,
803 1086 916 1135 sero
936 1086 1127 1134 discere
1151 1089 1376 1154 incipiat.
1425 1090 1555 1138 Non

240 1178 363 1226 ergo
388 1158 662 1226 perdamus
681 1164 913 1226 primum
931 1161 1097 1210 statim
1123 1173 1352 1228 tempus:
1401 1174 1556 1228 atque

239 1254 304 1285 eo
339 1239 540 1294 minus,
580 1237 723 1301 quod
757 1238 904 1284 initia
932 1238 1201 1286 literarum
1227 1237 1332 1287 sola
1357 1231 1575 1287 ηίεῐιιο-Χ

239 1315 317 1359 ria
351 1312 606 1369 constant,
647 1329 778 1377 quae
816 1330 925 1360 non
949 1312 1110 1362 modo
1141 1316 1243 1372 jam
1263 1313 1333 1363 est
1357 1315 1414 1362 in
1439 1330 1554 1378 par-

178 1403 231 1430 20
243 1388 350 1444 vis,
382 1386 470 1435 sed
497 1398 611 1436 tum
632 1389 785 1435 etiam
816 1387 1116 1435 tenacissima
1137 1387 1219 1436 est.
1299 1390 1414 1437 Nec
1437 1387 1554 1438 sum
1567 1404 1615 1442 ¹9

240 1463 369 1512 adeo
386 1473 609 1511 aetatum
621 1463 940 1527 imprudens,
967 1472 1026 1511 ut
1046 1462 1343 1512 instandum
1367 1465 1556 1512 teneris

237 1539 479 1603 protinus
496 1539 672 1586 acerbe
693 1549 886 1602 putem,
926 1538 1335 1602 exigendamque
1347 1540 1558 1603 plenam

239 1629 463 1678 operam.
541 1614 680 1662 Nam
712 1614 768 1661 id
793 1614 847 1661 in
871 1615 1053 1677 primis
1079 1630 1255 1660 cavere
1279 1614 1555 1678 oportebit,

237 1706 305 1737 ne
328 1687 522 1746 studia,
558 1690 653 1753 qui
674 1705 840 1735 amare
867 1689 1108 1737 nondum
1130 1687 1321 1752 potest,
1368 1689 1555 1746 oderit,

239 1774 291 1811 et
325 1764 725 1813 amaritudinem
749 1763 903 1812 semel
927 1774 1219 1829 perceptam
1244 1765 1398 1812 etiam
1419 1765 1556 1813 ultra.

306 1926 462 1959 parvum.
522 1916 576 1948 Ita
607 1912 748 1959 Bodlej.
783 1911 903 1947 Guelf.
936 1912 1147 1952 Andreana.
1185 1912 1269 1948 Ald.
1294 1913 1396 1950 Obr.
1418 1908 1554 1959 'neque

235 1968 384 2004 videtur
417 1969 550 2019 gradus
587 1969 655 2004 effe
676 1970 716 2003 in
747 1966 797 2012 τῷ
818 1981 942 2014 parum
963 1969 1064 2014 quod
1085 1981 1153 2017 pro
1175 1981 1218 2005 eo
1241 1968 1351 2003 habet
1376 1969 1554 2003 Gesnem·

234 2033 271 2058 et
293 2025 422 2062 ceteri,
453 2034 493 2058 ut
513 2023 650 2071 poffit’
637 2036 729 2073 jung,
726 2023 744 2056 -i
767 2035 852 2056 cnm
875 2024 1073 2071 quamlibet.
1132 2024 1259 2058 Etiam
1264 2019 1417 2069 majora,
1445 2024 1553 2058 mino-

234 2093 288 2118 ra,
318 2079 448 2113 melius
471 2079 516 2113 ad
538 2092 684 2126 partum
705 2079 928 2115 referuntur,
953 2091 1060 2124 quam
1086 2079 1129 2112 ad
1140 2093 1277 2126 patum.-

319 2145 530 2182 perceptam.
588 2136 640 2168 Ita
654 2132 774 2168 Guelf.
796 2142 832 2166 et
855 2133 965 2167 Goth.
980 2134 1111 2170 Voss'.0
1093 2144 1127 2168 2.
1151 2134 1257 2169 Bodl
1270 2145 1353 2168 cnm
1365 2116 1457 2168 vett
1468 2130 1551 2167 edd.

235 2188 422 2238 plurimis.
480 2188 585 2224 Aliae
608 2200 643 2224 et
665 2188 903 2225 recentiores
934 2198 976 2223 ut
1005 2190 1058 2224 Ge
1046 2190 1129 2227 sn„
1167 2202 1267 2236 prone
1252 2195 1408 2235 <Neptuni
1449 2185 1551 2233 quod

234 2245 391 2278 mirifice
414 2243 531 2291 placet
551 2245 775 2279 Bnrmanuo.
831 2244 958 2277 Sensus
983 2244 1195 2290 exquisitior
1218 2242 1455 2291 praecipiendi
1480 2252 1550 2289 pro

234 2300 488 2345 amet-apiendo
510 2297 646 2335 alienus
670 2299 713 2332 ab
736 2298 772 2332 h.
795 2296 841 2336 l.,
870 2298 916 2331 ob
950 2298 1127 2345 adjectum
1157 2298 1288 2346 semel,
1319 2297 1475 2332 otiosum
1511 2296 1551 2330 in

234 2353 405 2403 vulgum
434 2363 613 2401 praeterea
636 2367 678 2388 eo
702 2353 796 2388 sensu
817 2352 1035 2401 praesumere
1053 2353 1272 2402 plerumque
1292 2351 1383 2386 dicit
1414 2353 1484 2400 Qu.
1513 2360 1555 2386 ut

235 2410 347 2444 modo
381 2409 402 2452 ᾖ
423 2421 484 2457 19.
520 2419 556 2443 et
575 2421 738 2458 prooem.
764 2417 828 2443 20.

236 2536 376 2573 thecam
416 2539 612 2578 Graecam,
669 2538 725 2574 ed.
767 2536 870 2573 Harl.
916 2536 1070 2572 lectione
1101 2537 1437 2587 Geographicorum
1465 2538 1550 2572 Era-

235 2594 321 2632 Vol..
343 2601 379 2640 4.
408 2607 444 2641 p.
475 2604 547 2636 ¹¹7
567 2596 659 2642 seqq.
690 2603 726 2628 et
750 2592 870 2628 Carol.
918 2591 1100 2626 tosthenis.

237 2647 600 2688 Gfmth.Seidelium,
632 2647 873 2693 conjunctim·
966 2645 1078 2693 senwl
1105 2656 1325 2696 percepturae
1371 2644 1450 2682 vid.
1471 2653 1549 2680 not.

236 2717 339 2739 mum
354 2703 541 2756 Collegam
565 2717 711 2742 meum.
740 2705 778 2738 in
799 2703 872 2738 col·
918 2702 1013 2739 Ctit.
