1656 2990
277 216 341 260 μ
595 203 668 249 Μ.
700 205 830 251 ΕΑΒ.
862 203 1270 265 QUINTILIANI

276 324 425 375 rudis
449 333 498 372 et
514 323 759 375 confusus
774 326 1042 374 intellectu
1055 337 1216 374 caret:
1255 324 1399 374 unde
1416 325 1588 390 'requi-

277 412 366 450 tur
399 401 527 449 alter
559 401 817 458 dictandi,
869 417 1001 466 quae
1033 418 1095 448 ex
1126 402 1208 450 his
1240 400 1589 450 transferenda

216 491 269 532 29
279 475 424 532 sunt,
474 475 633 525 labor.
711 481 881 544 Quare
915 493 1036 524 cum
1063 475 1262 541 semper
1297 486 1349 524 et
1375 477 1590 540 ubique,

277 562 394 600 tum
409 552 686 615 praecipue
707 552 765 599 in
787 549 1014 615 epistolis
1035 550 1234 600 secretis
1255 561 1306 599 et
1324 550 1590 600 familiari-

277 628 378 674 bus
399 627 672 674 delectabit
692 642 759 673 ne
782 625 883 674 hoc
907 625 1123 688 quidem
1144 627 1439 690 neglectum
1469 627 1590 674 reli-

214 724 267 759 50
280 699 455 765 quisse.
573 701 795 765 Syllabis
837 701 1050 748 nullum
1085 701 1458 765 compendium
1492 699 1588 749 est:

275 774 641 840 perdiscendae
671 791 875 840 omnes:
925 792 1047 832 nec,
1094 786 1155 824 ut
1185 774 1242 823 fit
1264 777 1591 840 plerumque,

276 850 581 898 difficillima
617 867 854 915 quaeque
883 866 1061 899 earum
1091 847 1401 907 differenda,
1452 851 1591 900 utin

211 955 263 991 51
279 926 585 974 nominibus
598 924 878 974 scribendis
908 926 1374 990 deprehendantur.
1448 927 1591 993 Quin

280 1002 446 1050 immo
489 1017 557 1049 ne
591 1002 788 1066 primae
826 1001 1042 1065 quidem
1079 1003 1359 1050 memoriae
1399 1011 1590 1048 temere

273 1075 623 1124 credendum:
663 1087 910 1140 repetere,
945 1086 995 1124 et
1017 1076 1113 1124 diu
1132 1077 1408 1132 inculcare,
1431 1075 1593 1124 fuerit

275 1153 492 1209 utilius;
533 1161 584 1198 et
609 1153 666 1199 in
690 1152 912 1199 lectione
934 1168 1147 1215 quoque
1167 1168 1278 1200 non
1313 1167 1590 1214 properare

271 1227 338 1275 ad
363 1226 767 1276 continuandam
793 1243 904 1274 eam
929 1227 1015 1274 vel
1048 1225 1452 1284 acceleranda1113
1492 1216 1601 1273 nisiv

271 1319 394 1352 cum
417 1299 670 1369 inoffensa
689 1311 842 1367 atque
861 1302 1152 1351 indubitata
1174 1303 1442 1350 literarum
1454 1302 1590 1350 inter

355 1485 403 1507 ex
435 1472 499 1508 his.
565 1471 684 1507 Etiam
713 1470 833 1507 Guelf.
865 1483 934 1519 pro
960 1470 1055 1506 hisce
1084 1470 1192 1507 habet
1218 1481 1254 1505 et
1279 1473 1368 1507 ficut
1396 1470 1588 1520 pleraeque

272 1526 354 1564 edd.
378 1537 469 1563 vett.
495 1539 605 1573 quare
624 1529 728 1563 Gesn.
749 1537 855 1575 putat
877 1527 984 1576 Regii
1017 1537 1156 1560 tantum
1180 1527 1422 1572 conjecturam
1452 1527 1519 1561 effe
1539 1539 1587 1560 ex

273 1584 337 1618 his.
402 1582 470 1617 Sed
499 1583 678 1617 Gibsonus
710 1583 770 1616 de·
789 1582 858 1616 suis
883 1582 997 1616 codd.
1028 1591 1138 1620 tacet,
1165 1591 1207 1615 ut
1236 1580 1420 1628 probabile
1439 1582 1520 1620 fiat,
1547 1581 1589 1614 in

272 1637 332 1676 iis,
363 1637 481 1672 saltem
504 1638 543 1671 in
566 1637 672 1672 Bodl.
686 1661 697 1676 ‚
724 1637 791 1672 effe
809 1646 1000 1684 receptam.
1123 1637 1314 1672 nominibus
1336 1636 1457 1672 Guelf.
1481 1637 1589 1670 omni-

272 1693 336 1727 bus
359 1705 443 1726 cum
472 1692 599 1726 multis
621 1694 699 1727 sane
720 1691 838 1728 Codd.
866 1691 923 1726 red
946 1690 1146 1726 defendunt
1174 1701 1354 1738 receptam
1389 1703 1409 1724 a
1430 1692 1585 1726 Gesnexo

271 1761 366 1783 nom.
410 1748 507 1785 Vols.
530 1747 629 1783 Alm.
652 1757 688 1783 et
710 1747 803 1784 Obr.
823 1746 967 1781 fortaffe
979 1759 1025 1781 ex
1047 1747 1199 1798 Argent.
1235 1747 1281 1781 cf.
1304 1746 1350 1781 ad
1375 1759 1408 1786 ι,
1431 1746 1466 1785 6,
1491 1754 1529 1790 5.

327 1892 374 1913 ex
395 1879 458 1913 his.
516 1880 549 1913 E
570 1888 643 1913 tam
662 1876 756 1912 male
767 1876 906 1926 scriptis
949 1876 1017 1911 ster
1035 1886 1094 1915 12,
1108 1882 1146 1920 8,
1161 1875 1197 1911 6.
1219 1875 1386 1915 „Deinde
1399 1875 1588 1923 deprehen-

265 1933 556 1969 commentariis.
952 1932 1082 1966 duntur
1096 1941 1131 1964 et
1145 1933 1279 1966 causam
1294 1952 1346 1958 —-
1361 1944 1407 1965 ex
1427 1930 1585 1966 adversa-

953 1987 1018 2020 riis
1038 1986 1215 2021 discimt.“
1278 1986 1487 2032 Subiectum
1512 1987 1585 2021 fen·

957 2042 1090 2075 tentiae
1110 2042 1190 2076 sunt
1211 2044 1311 2089 pueri
1322 2066 1332 2080 ,
1363 2040 1440 2088 qui,
1469 2042 1494 2075 fi
1515 2041 1586 2076 dif-

955 2095 1117 2130 ficillima
1162 2109 1326 2144 quaeque
1367 2094 1584 2143 syllabarum

954 2151 1146 2189 differtur,
1175 2151 1375 2186 haerebunt
1406 2151 1445 2184 in
1467 2150 1585 2190 nomi-

953 2205 1062 2240 nibus
1093 2206 1298 2252 scribendis.
1371 2207 1416 2240 Ue
1445 2205 1583 2240 ironice

952 2261 1224 2307 quodammodo
1266 2261 1403 2294 dictum
1418 2284 1428 2298 ‚
1486 2262 1583 2307 quali

322 2021 571 2069 perdiscendae
581 2033 706 2059 omnes,
731 2030 910 2067 quaecun-

271 2086 345 2123 que
381 2077 589 2111 efficiuntur
612 2087 678 2123 pet
704 2075 910 2110 universam

271 2130 437 2181 linguam
447 2157 458 2170 ‚
488 2132 590 2167 varie
606 2130 800 2183 jungendis
813 2130 909 2164 inter

272 2196 306 2232 se
338 2186 466 2222 literis.

357 2272 396 2294 ut
438 2263 474 2295 ἱη
500 2260 693 2295 nominibus
715 2258 908 2308 scribendis

272 2315 590 2362 deprehendantur.
648 2316 705 2349 Sic
727 2314 833 2348 habet
862 2316 907 2349 sa-

273 2370 322 2405 tis
356 2372 494 2405 firmata
524 2384 544 2404 a
575 2369 692 2404 Codd.
718 2370 904 2416 scriptura.

274 2425 429 2459 Nomina
442 2436 563 2460 autem
578 2425 615 2458 h.
628 2424 653 2458 1.
678 2437 753 2459 non
765 2436 907 2471 accepe-

276 2480 348 2513 rim
360 2483 505 2527 propria
517 2506 527 2519 ‚
540 2479 594 2514 [ed
605 2479 782 2514 vocabula
793 2489 907 2513 certae

274 2536 389 2581 partis
404 2535 591 2573 orationis,
621 2535 668 2570 ob
692 2535 731 2568 id
744 2534 843 2581 quod
854 2533 906 2567 di-

274 2589 372 2624 citur
393 2602 484 2624 mox
517 2591 615 2636 §54
675 2589 720 2623 cf.
741 2595 824 2636 ¹³4³
843 2595 904 2633 ¹8·

275 2646 499 2692 Deprehendi
537 2654 658 2679 nutem
680 2645 727 2679 eft
746 2643 904 2682 haerere,

274 2701 311 2731 m
331 2709 452 2734 artum
475 2699 619 2737 deferri,
641 2700 728 2733 ficut
747 2700 817 2746 ipse
841 2711 905 2732 no-

951 2328 994 2349 eo
1026 2315 1171 2357 consilio
1197 2315 1384 2350 differrent
1414 2314 1584 2349 difficilli-

948 2376 1046 2404 mam
1071 2382 1251 2417 quamque
1276 2369 1444 2416 syllabam
1470 2369 1582 2420 magi-

950 2425 1022 2459 stri.
1078 2427 1208 2472 Neque
1229 2426 1324 2458 enim
1347 2425 1579 2459 neceffarium

951 2491 1034 2514 cum
1055 2482 1266 2515 Burmanno
1287 2490 1407 2528 prout
1428 2479 1580 2515 scribere

949 2548 1002 2569 ne.

1004 2589 1284 2625 continuandam.
1342 2589 1392 2623 Ut
1401 2589 1471 2635 jam
1484 2587 1575 2622 inte-

947 2656 1011 2694 gra
1033 2643 1220 2682 vocabula,
1249 2651 1324 2678 non
1348 2655 1464 2678 merae
1474 2642 1574 2691 sylla-

946 2699 1011 2733 bae
1030 2700 1329 2747 pronuncientur.
