1656 2990
210 243 313 276 xxx
639 229 1088 277 PRAEFATIO.

211 350 307 401 effe
337 350 483 401 libris
519 351 671 401 hisce.
763 357 829 402 Et
863 352 1018 401 habet
1053 352 1180 400 alter
1215 352 1306 401 ille
1331 353 1517 402 titulus

209 456 438 498 morem,
489 459 594 505 quo
629 440 680 488 se
713 451 941 498 tueatur,
998 439 1231 504 ipsorum
1263 451 1520 498 veterum,

207 526 563 578 Institutiones
588 529 962 593 appellantium
978 529 1154 585 libros,
1191 530 1384 593 quibus
1417 529 1522 576 ele-

207 627 383 664 menta
411 619 530 664 artis
561 616 827 676 cujusdam
854 608 1158 664 enarrarent.
1245 604 1522 666 Credimus

208 704 310 752 hoc
330 705 596 751 Lactantio
630 703 815 750 diserte
843 705 1272 752 commemoranti
1291 706 1349 751 in
1373 702 1542 770 fron-'

209 800 259 838 te
289 790 683 840 Institutionum
715 791 1063 849 Divinarum;
1115 802 1166 839 et
1196 790 1362 856 potest
1395 808 1520 840 con-

205 877 334 927 ferri
371 880 636 937 Barthius,
692 878 758 926 de
803 879 1061 939 ejusmodi
1106 880 1264 928 titulo
1315 877 1523 944 copiose

208 964 475 1030 disputans
515 965 740 1016 Adverff.
784 967 872 1014 lib.
908 982 956 1014 2.
1002 969 1059 1017 C.
1103 982 1183 1028 17.
1238 968 1333 1031 qui
1365 967 1521 1014 etiam

208 1055 442 1103 Vitruvii
468 1058 638 1105 utitur
667 1057 968 1105 auctoritate
998 1056 1273 1119 prooemio
1297 1055 1420 1102 libri
1442 1053 1520 1102 se-

206 1143 361 1206 ptimi
381 1143 815 1193 Architectonicas
852 1143 1232 1192 institutionces
1258 1143 1518 1208 ponentis.

202 1231 495 1280 Commode
530 1249 653 1280 cum
687 1231 904 1294 hujusce
935 1230 1286 1296 inscriptionis
1322 1231 1519 1296 plurali

203 1319 486 1368 contuleris
517 1321 733 1368 titulum
762 1320 886 1368 libri
915 1321 1259 1376 ciceroniani,
1302 1320 1398 1383 qui
1433 1320 1518 1367 in-

202 1403 466 1456 scribitur:
507 1409 813 1461 Partitiones
833 1410 1097 1457 oratoriae.
1151 1407 1266 1463 Sed,
1294 1423 1417 1459 cum
1433 1423 1515 1456 res

202 1503 255 1540 et
282 1495 414 1544 levis
436 1493 554 1544 effet
571 1506 622 1544 et
645 1495 831 1545 confici
857 1498 1124 1560 nequiret,
1155 1496 1516 1559 obtemperan-

199 1582 333 1631 dum
368 1583 495 1633 duxi
523 1586 896 1634 recentioribus
922 1585 1187 1648 exemplis,
1226 1584 1420 1647 quibus
1454 1582 1514 1630 id

200 1687 416 1736 quoque
447 1672 671 1730 conceffi,
716 1683 777 1721 ut
806 1674 999 1722 alicubi
1026 1689 1159 1737 opus
1179 1671 1282 1719 hoc
1317 1671 1514 1719 dicere-.-

200 1768 290 1806 tur
319 1760 584 1808 Oratoriae
611 1760 955 1810 Institutionis
981 1761 1106 1808 libri
1136 1762 1242 1807 XII.
1318 1761 1512 1823 Neque

198 1848 342 1894 enim
383 1846 652 1913 singularis
684 1848 751 1896 fic
789 1847 986 1914 positus
1027 1848 1270 1896 abhorret
1307 1847 1368 1894 ab
1409 1845 1510 1894 usu

196 1934 460 1999 scriptoris
495 1936 674 1994 nostri,
713 1938 807 2000 qui
827 1935 878 1983 se
904 1932 1258 2003 institutionem
1289 1936 1360 1982 ait
1387 1951 1511 1999 pro-

195 2020 382 2072 fess'um
411 2041 432 2070 1
452 2041 492 2080 ι,
521 2042 564 2080 1,
587 2038 633 2081 5.
674 2025 802 2072 item
822 2024 1196 2087 Hieronymus,
1232 2023 1290 2070 in
1312 2021 1510 2087 praefa-

197 2110 343 2159 tione
363 2112 422 2160 in
442 2111 679 2168 Abdiam,
717 2114 812 2160 XII
834 2111 996 2159 libros
1022 2110 1362 2159 institutionis
1394 2127 1509 2158 ora-

199 2200 360 2247 toriae
399 2202 633 2265 appellat.
699 2198 879 2250 confer
907 2206 1165 2264 praeterea
1206 2215 1251 2255 1,
1297 2214 1340 2254 1,
1382 2213 1432 2256 9.
1474 2209 1508 2252 8

196 2302 429 2351 prooem.
453 2303 499 2336 Ω.
538 2291 664 2337 item
695 2303 776 2346 12,
822 2304 903 2345 11,
949 2302 1028 2334 12.
1102 2289 1163 2334 In
1181 2284 1345 2334 Codd.
1361 2286 1506 2333 MSS.

195 2375 333 2422 nihil
355 2375 620 2440 praesidii,
656 2362 908 2441 quoniam
941 2373 1364 2438 inscriptionibus
1395 2371 1506 2420 fere

197 2474 368 2510 carent
396 2462 491 2512 nisi
521 2464 666 2528 quod
690 2461 1182 2526 iii.Guelferbyta110
1215 2461 1280 2508 ad
1313 2461 1507 2508 calcem

194 2550 317 2598 libri
337 2552 495 2616 primi
522 2551 817 2613 subjicitur:
857 2554 932 2600 M.
956 2555 1007 2600 F.
1032 2554 1089 2618 Q.
1112 2547 1505 2597 Institutionum

192 2640 547 2704 Oratoriarmn
589 2641 655 2689 ad.
690 2641 980 2691 Victoriam
1019 2637 1330 2687 Marcellum
1368 2636 1503 2684 liber
