1656 2990
24 679 36 720 3

22 750 39 780 ,Ν
73 782 78 787 ι

22 791 31 805 ι

26 2676 45 2691 ⁴⁴

30 2695 74 2734 q..

31 2739 39 2748 .

19 295 40 346 ²}
58 335 65 342 ,,

384 190 549 237 INST.
589 190 869 238 ORATOR.
895 190 1027 236 'Lm
1059 191 1153 250 ιιι,
1190 191 1235 238 6.
1381 202 1485 251 43»

134 313 281 366 statu.
344 333 494 366 cum
510 317 713 379 adjicit,
749 311 860 388 sed
893 334 991 368 non
1011 313 1161 387 feci‚·
1213 322 1481 380 coniectu-

131 410 247 445 ram
287 405 484 443 movet.
564 397 780 461 Semper
818 404 996 442 autem
1034 393 1240 445 firmius
1272 395 1345 445 est
1381 415 1480 446 non

26 447 50 474 ⁷
40 465 343 545 secg'ffe:
355 471 611 538 ideoque
650 474 710 521 in
752 489 816 521 eo
853 469 1045 522 statum
1079 470 1177 522 effe
1213 473 1479 541 judicabo,

130 548 284 612 quod
320 547 579 608 dicerem,
645 549 682 598 fi
711 549 849 598 mihi
885 549 1032 614 plus,
1089 567 1251 616 quam
1285 568 1475 611 unum,

126 624 308 673 dicere
341 643 455 676 non
494 628 689 676 liceret.
778 629 940 677 Recte
978 628 1145 693 igitur
1183 627 1256 676 est
1294 630 1530 695 appel-11

127 701 232 750 lata
271 699 546 776 causarum
587 707 759 772 prima
798 702 1099 764 conflictio,
1161 723 1276 756 non
1319 725 1477 773 quae-

215 870 362 917 adjicit,
396 870 469 921 sed
488 885 570 908 non.
628 874 684 908 Ita
716 871 840 908 Guelf.
874 885 959 909 cum
990 885 1157 909 mearum
1191 873 1274 909 edd.
1303 874 1408 910 Bam.
1443 884 1480 911 et

132 926 227 964 Obr.
261 927 370 976 plane
403 930 450 963 fic
478 928 652 964 dantibus
686 929 834 969 locum,
870 929 1007 978 quibus
1039 932 1169 966 Burm.
1197 931 1300 966 addit
1331 931 1476 980 Gryph.

131 983 290 1028 (Sebast.
322 984 447 1035 Lugd.
478 985 582 1029 1536
614 999 699 1021 cum
728 986 829 1020 idem
868 993 971 1033 1544
1000 987 1063 1022 det
1094 997 1275 1036 receptam
1300 989 1479 1023 recentio-

130 1042 246 1088 rum)
273 1050 310 1075 et
337 1040 459 1076 Colin.
516 1043 577 1077 De
604 1043 731 1088 adjicit
763 1043 994 1078 consentiunt
1024 1043 1107 1078 edd.
1130 1044 1245 1079 Andr.
1277 1043 1398 1086 Sich.;
1434 1045 1478 1080 de

124 1094 196 1146 sed
218 1096 310 1133 cod.
335 1099 446 1132 Bern.
511 1098 579 1133 Sed
601 1098 758 1133 nostram
785 1100 1002 1147 scripturam
1025 1100 1093 1134 effe
1114 1113 1265 1148 quoque
1287 1101 1327 1135 in
1349 1102 1475 1137 Turic.

131 1162 169 1188 et
189 1152 288 1188 Alm.
313 1152 456 1193 Codd„
496 1156 559 1188 etsi
589 1164 822 1203 corruptam,
862 1154 968 1190 facile
995 1155 1180 1208 intelliget
1210 1157 1479 1206 unusquisque.

129 1208 231 1245 Alm.
252 1207 342 1244 haee
362 1209 435 1249 dat,
465 1210 812 1246 refe1enteBurmst
839 1225 917 1246 cum
937 1226 970 1246 a.
993 1212 1080 1247 dicit
1102 1213 1191 1256 (hoc
1210 1213 1478 1262 iuterpretatur

128 1267 262 1301 Burm.
287 1279 365 1301 cum
384 1276 505 1308 autem
525 1267 639 1308 dicit,-
676 1267 764 1302 falso
797 1266 880 1306 ille,
920 1277 964 1302 ut
983 1280 1074 1302 mox
1105 1269 1323 1317 apparebit)
1343 1269 1477 1320 finon

69 1344 72 1347 -
60 1321 213 1372 feci.
268 1324 301 1358 E
323 1322 450 1358 Turio.
470 1321 559 1358 haee
577 1324 689 1358 refert
712 1323 994 1374 Sulzbergerus:
1026 1339 1105 1360 cum
1124 1325 1284 1375 adicicfi
1303 1340 1373 1362 non
1384 1326 1475 1376 fect,

127 1377 190 1415 sed
206 1378 342 1429 vocifi
366 1380 684 1428 superimpofitum
718 1380 766 1415 est
790 1380 859 1428 sed
889 1385 959 1426 (an
982 1380 1026 1416 ab
1050 1381 1119 1416 alia
1140 1395 1275 1422 manu,
1313 1396 1390 1417 non
1413 1384 1476 1418 do-

129 1437 297 1483 cemur).
353 1435 468 1473 Vides
497 1437 637 1471 mirum
674 1438 880 1471 Turicenfis
914 1450 999 1471 cum
1028 1437 1357 1475 Almeloveeniano
1392 1453 1475 1475 con·

127 1491 289 1530 sensum,
325 1491 371 1526 de
391 1503 466 1539 quo
488 1496 660 1540 (praeter
683 1492 802 1527 multa
823 1493 863 1526 in
888 1493 1136 1541 superioribus
1160 1495 1354 1555 exempla)
1383 1496 1473 1531 item

128 1547 176 1583 cf.
200 1547 280 1592 §.5
310 1545 448 1598 insistit.
507 1548 589 1593 §.6
619 1560 654 1584 et
678 1549 832 1584 hoclev.
856 1557 892 1592 3,
914 1556 951 1596 4,
975 1559 997 1593 3
1030 1543 1180 1598 etplur.
1209 1552 1258 1587 al.
1303 1561 1399 1596 5,5‚
1427 1565 1473 1588 10

128 1606 166 1640 in
195 1602 329 1653 quaest.
364 1607 462 1639 venit
488 1606 586 1653 qual.
627 1613 663 1649 3,
692 1614 730 1649 5,
768 1615 827 1640 12.
856 1619 929 1640 non
951 1627 1004 1634 -—
1028 1617 1067 1641 ut
1094 1608 1177 1642 illis.
1232 1609 1366 1655 Neque
1397 1610 1471 1656 jam

125 1659 315 1695 dubitabis
336 1660 429 1708 qujn
448 1671 484 1696 et
507 1661 604 1696 Alm.
627 1661 801 1696 librarius
825 1672 888 1696 aut
911 1652 1054 1697 dederit
1083 1673 1148 1698 aut
1177 1663 1262 1699 dare
1286 1675 1384 1700 certe
1407 1678 1472 1699 vo-

124 1714 239 1753 luerit
258 1717 388 1756 adicit,
418 1729 510 1764 quae
533 1718 607 1767 ipsa
629 1718 807 1766 seliptuia
828 1717 926 1753 nihil
943 1718 1044 1753 aliud
1066 1721 1241 1770 fignificat
1259 1722 1322 1756 nifi
1348 1723 1473 1768 adjicit

124 1773 200 1819 (ef.
225 1783 262 1818 3,
285 1783 322 1817 3,
344 1785 368 1822 9
393 1772 552 1822 subjicit,
581 1775 673 1809 item
699 1788 732 1814 ι,
754 1782 791 1822 4,
821 1776 910 1823 ιι).
972 1776 1010 1810 Si
1029 1786 1151 1811 autem
1172 1789 1242 1825 pro
1259 1777 1329 1825 sed
1348 1791 1471 1814 merus

125 1829 175 1864 est
195 1842 320 1869 error,
351 1840 538 1866 correctus
565 1830 630 1866 ille
650 1831 690 1866 iu
711 1831 912 1866 Turicenfi.
968 1831 1090 1867 Restat
1119 1843 1161 1867 ut
1191 1833 1385 1869 exhibeam
1418 1848 1474 1870 re-

125 1895 268 1935 ceptam
298 1885 560 1935 plerarumque
589 1887 670 1922 edd.
706 1897 741 1922 et
769 1887 914 1934 aliquot
950 1888 1067 1924 codd.
1101 1890 1339 1937 scripturam:
1374 1892 1471 1931 dicit,

126 1943 223 1979 Non.
285 1945 365 1978 Hac
385 1942 460 1978 loci
479 1943 762 1982 constitutione,
792 1957 884 1991 quae
908 1944 954 1978 est
975 1945 1086 1979 etiam
1107 1946 1205 1992 apud
1228 1946 1332 1981 Gesn.
1346 1972 1355 1986 ‚
1398 1957 1473 1982 tan-

126 2007 211 2035 tum
224 1999 344 2049 pbest.
385 2009 430 2035 ut
448 2008 623 2048 „pateat“
643 1999 745 2048 quod
763 1999 850 2038 vult
873 2002 966 2048 Qu„
1005 2011 1047 2036 ut
1068 2013 1115 2036 ne
1137 2001 1212 2037 ulla
1231 2003 1383 2053 quidem
1398 2003 1474 2040 ‘lux

55 2063 79 2083 -·
125 2054 372 2105 relinquatur.
429 2055 511 2092 vid.
539 2066 619 2092 not.
651 2069 710 2093 ex.

182 2208 261 2230 cum
287 2195 433 2241 adjicit,
464 2193 544 2245 sed.
604 2197 769 2245 Apparet
825 2196 920 2231 tinet
942 2193 1193 2246 quaestionem,
1221 2196 1279 2232 An
1302 2196 1471 2246 rectese·

124 2250 243 2287 verbo
276 2253 423 2298 adjicit,
472 2250 596 2288 afferri
626 2253 670 2288 ab
704 2265 769 2288 reo
826 2256 936 2291 εενίε,
959 2262 995 2287 et
1026 2253 1073 2287 est
1091 2251 1212 2300 status
1241 2253 1470 2303 quaestionis.

125 2316 331 2356 utrumque
348 2308 390 2343 in
403 2309 527 2345 eadem
541 2310 653 2350 causa.
683 2311 770 2348 Jam
825 2309 1037 2356 cujusmodi
1057 2309 1172 2344 ullam
1192 2310 1261 2344 effe
1279 2312 1349 2345 line
1363 2309 1469 2359 statu

125 2365 254 2415 negari
280 2365 432 2413 nequit,
463 2366 557 2402 duos
584 2365 647 2402 hic
671 2378 770 2401 corn-
823 2365 979 2417 negabat
1008 2366 1038 2409 §.
1063 2375 1099 2407 7.
1150 2366 1228 2414 ‚Sed
1253 2369 1467 2412 conjectura,

125 2431 254 2468 parere
284 2419 406 2470 flatus
444 2423 487 2457 in
524 2435 597 2458 una
644 2422 764 2471 causa,
821 2432 866 2457 ut
899 2423 1087 2470 potentior
1116 2422 1162 2456 ad
1195 2422 1468 2458 defendendum

126 2485 208 2511 tum
239 2478 425 2526 qualitatis
466 2489 550 2514 tum
591 2481 768 2525 conjectu·
821 2484 942 2518 reum,
971 2478 1081 2514 faciet
1092 2477 1234 2528 statum
1253 2478 1366 2528 ipfius
1386 2495 1470 2516 cau·

125 2545 200 2567 rae.
272 2535 364 2568 Uter
393 2535 512 2586 igitur
544 2534 671 2584 causae
708 2549 768 2584 ap·
818 2534 897 2585 sae.

29 2595 42 2628 ζ’.
71 2627 85 2642 ,ι
122 2587 322 2637 pellabitur
349 2590 486 2628 status?
542 2593 768 2638 Conjeccura-

124 2645 171 2680 lis
198 2646 386 2693 profecto,
444 2649 662 2696 quoniam,
665 2650 768 2688 s,em-
879 2648 1117 2692 conjecturam
1130 2659 1259 2685 movet.
1319 2648 1398 2685 vid.
1423 2649 1468 2684 ad

123 2713 216 2750 ‚per
237 2703 595 2749 —firmiusestnon
608 2705 751 2740 feciffe·
742 2713 766 2728 ·‘
823 2711 870 2747 5,
905 2716 948 2742 1,
979 2709 1004 2750 8
1035 2705 1182 2757 mwfffe
1206 2725 1262 2735 ·——
1293 2706 1471 2756 Empedo-

129 2756 329 2807 Qualitaeis
345 2758 468 2808 status
483 2760 528 2796 ad
550 2761 662 2798 solam
683 2774 766 2812 per·
823 2761 905 2797 cles.

187 2813 289 2851 Y.om
314 2816 931 2852 1.H
946 2816 974 2854 h.
