1656 2990
532 209 988 262 PRAEFATIO.
1256 221 1431 254 mnan

89 337 249 393 aliquis
265 327 318 378 ae
337 339 514 391 peritus.
580 337 718 393 Quod
743 336 806 377 ibi
837 335 1015 393 aliquis,
1050 335 1136 377 hoc
1163 335 1307 377 nostro
1334 336 1433 376 loco

88 405 220 447 fuerit
244 421 368 447 unus.

207 509 254 541 ι,
290 505 345 538 2,
381 498 427 546 4.
479 486 637 551 Affimc
664 493 817 536 multa.
885 491 1112 533 Debebant
1139 492 1309 533 moneri
1330 491 1435 531 haec

88 564 141 603 *in
169 571 283 603 nott.
307 561 458 602 Critt.:
493 560 601 601 Jens.
624 562 718 612 (tae.
741 560 888 612 Gesn.)
917 569 960 600 et
978 554 1102 620 sunt.
1177 560 1308 600 Goth.
1333 562 1430 610 (tac.

94 631 216 682 eod.)
251 638 294 669 ec
323 622 485 688 adsunt
516 642 614 668 cum
644 629 741 668 edd.
774 637 870 669 ante
894 627 1019 669 Gesn.
1044 628 1245 668 omnibus
1270 636 1435 681 praeter

99 698 205 738 obr.
260 697 464 737 Nostrum
486 710 509 735 e
528 697 720 736 Palatino
743 710 949 750 reponere
982 695 1099 735 suasit
1118 696 1368 736 Gebhartlus
1387 697 1437 735 in

99 766 348 819 Crepundd.
385 779 427 818 p.
461 774 538 804 20.
579 765 849 818 improbante
882 763 1059 804 Barthio
1088 765 1135 804 in
1170 763 1357 804 Adverss'.
1389 777 1435 816 p.

41 852 43 857 ·
105 841 250 887 1450.
296 832 436 872 Codd.
463 841 756 871 memorantur
784 833 906 872 nulli.
991 833 1058 871 Ec
1088 832 1286 870 omiffum
1320 839 1436 871 recte

95 913 188 940 non
210 908 330 954 puto.
404 899 474 938 Fit
490 900 607 938 enirn
631 901 793 938 tumida
815 909 857 939 et
876 898 1118 954 confragosa
1137 901 1286 940 oratio.
1356 893 1437 958 As-

89 962 203 1028 fiant
221 967 309 1019 (vel
331 961 517 1025 adsim&
551 966 634 1022 hoc
654 975 797 1006 autem
819 976 968 1006 natum
988 967 1167 1007 arbitror
1187 981 1237 1007 ex
1258 975 1299 1006 et
1307 961 1439 1026 sunt)

98 1047 151 1075 an
163 1029 275 1094 Jz'mc
298 1033 520 1078 scribatur,
553 1046 703 1086 parum
720 1032 873 1082 refert,
914 1046 1154 1088 quanquam
1172 1035 1277 1074 illud
1297 1047 1438 1075 exem-

92 1102 173 1156 ‘plis
194 1101 493 1143 commendare
516 1100 651 1140 studet
676 1101 814 1142 Gebh.

204 1216 252 1249 1,
291 1213 345 1250 2,
391 1208 494 1254 13.·
518 1202 570 1241 de
601 1203 927 1256 partitionibus.
1014 1203 1166 1258 Longe
1195 1203 1338 1242 verius
1369 1203 1436 1249 iis,

94 1282 203 1324 quae
233 1272 279 1309 in
308 1279 402 1310 not.
431 1283 551 1326 exeg.
574 1271 777 1317 dicimus,
813 1273 869 1313 est
891 1271 1006 1324 quod
1028 1272 1154 1310 docet
1170 1271 1368 1310 Ernestus
1392 1272 1438 1310 in

94 1335 256 1380 Lexico
277 1339 444 1379 Techn.
473 1340 564 1378 Lat.
595 1340 640 1378 in
662 1353 770 1379 voce
795 1341 952 1394 partit.
1023 1339 1292 1394 Significatur
1319 1339 1438 1378 enim

99 1406 294 1446 doctrina
321 1407 373 1445 de
405 1406 598 1452 statibus,
633 1408 926 1462 reliquisque
915 1422 961 1447 in
990 1407 1200 1447 rhetorica
1220 1407 1438 1446 artificiali-

101 1473 206 1520 bus,
239 1487 366 1528 quam
400 1474 548 1514 Graeci
575 1476 786 1539 appellant
810 1469 1026 1535 διαίρεσιν,
1068 1475 1185 1515 unde
1213 1475 1441 1514 Menandri

101 1536 286 1582 rhetoris
320 1543 490 1587 titulus,
546 1528 673 1604 διειίςε
678 1558 742 1592 τις
777 1541 860 1587 τῶν
893 1534 1204 1595 επιδεικτικών,
1250 1545 1442 1595 itemque

99 1609 392 1666 Hermogenis
422 1606 556 1666 τέχνη
585 1605 777 1673 ρητορικη
806 1603 1043 1672 διαιρετικη.
1117 1611 1225 1650 Vide
1254 1611 1443 1650 eundem

99 1677 262 1718 Ernest.
287 1679 335 1716 in
356 1678 457 1718 Lex.
485 1677 651 1718 Techn
677 1679 821 1720 Graec.
845 1694 888 1720 v.
913 1671 1123 1742 διαίξεσις.

210 1791 250 1824 1,
282 1789 325 1824 2,
365 1779 442 1820 26.
487 1780 628 1831 prima
655 1779 871 1821 elementa.
940 1780 1065 1821 Subit
1094 1788 1258 1819 mutare
1286 1791 1444 1818 vocem

101 1845 215 1886 elem.
241 1847 286 1885 in
308 1846 599 1891 emolumenta,
635 1848 745 1886 dicta
759 1859 838 1901 pro
854 1842 1134 1907 profectibus.
1186 1844 1239 1886 cf.
1263 1845 1443 1887 Ruhnk.

101 1922 148 1954 et
166 1914 270 1954 alios
292 1914 382 1953 VV.
411 1915 511 1953 DD.
534 1914 584 1953 ad
606 1914 754 1966 Vellej.
782 1927 821 1961 ε,
857 1923 934 1965 73,
970 1929 1009 1955 1.
1046 1916 1151 1954 item
1178 1913 1369 1954 nostrum
1399 1922 1443 1965 3,

109 1989 155 2032 8,
192 1993 237 2035 7.
309 1981 492 2022 Leniore
509 1979 701 2036 profecto
721 1984 989 2034 metonymia
1007 1995 1133 2036 quarn
1153 1983 1198 2021 in
1216 1981 1442 2022 elementis.

107 2046 320 2099 'AdJuvare
339 2050 510 2089 videtur
532 2052 841 2100 conjecturam,
878 2052 994 2103 quod
1017 2051 1150 2090 modo
1177 2057 1297 2089 erant
1317 2063 1447 2100 „proo

107 2110 282 2174 ,sectus
299 2117 551 2169 firmiores,“
584 2119 736 2170 quibus
755 2128 799 2159 et
818 2119 913 2172 ipfis
932 2118 1107 2173 persona
1128 2117 1445 2171 imponebatur.

108 2185 191 2240 Sicv
205 2185 335 2225 etiam
364 2195 408 2231 2,
450 2194 492 2237 5,
536 2200 608 2226 ιο.

145 2274 148 2280 ’
215 2285 256 2319 1,
290 2279 337 2324 4,
382 2286 455 2314 ιο.
496 2282 539 2313 ec
563 2274 666 2315 Uos.
734 2274 803 2315 Sic
820 2272 989 2314 etJens.
1021 2275 1118 2325 (tac.
1147 2272 1294 2324 Gesn.)

219 2374 233 2399 ι
253 2389 264 2401 .
300 2367 358 2413 4,
398 2375 472 2402 ιο.
517 2370 597 2402 aut
624 2356 778 2404 sluaa·
821 2362 926 2403 Non
957 2361 1124 2415 prorsus
1156 2371 1351 2416 apertum
1378 2362 1447 2406 est,

108 2428 242 2468 modo
261 2429 312 2468 ad
331 2436 537 2476 ‚,1171am‚“
557 2425 771 2490 syllabam
798 2431 847 2469 fit
867 2430 1215 2485 intelligendum,
1250 2444 1304 2470 an
1322 2444 1451 2469 voca-

109 2495 201 2535 lem.
274 2498 325 2536 In
344 2498 486 2550 priore
505 2500 684 2543 ratione,
717 2497 823 2536 illud
843 2499 958 2550 quod
979 2497 1197 2549 subjicitur
1224 2495 1334 2555 „nifi
1354 2499 1451 2552 quis

110 2585 206 2609 ‚‚--
247 2565 346 2603 zeri“
373 2578 464 2606 non
487 2565 598 2606 bene
618 2565 836 2620 procedit,
871 2566 916 2604 in
938 2565 1087 2612 altera,
1122 2579 1227 2620 quae
1250 2565 1332 2606 sola
1351 2573 1451 2604 vera

113 2644 232 2670 nunc
257 2632 451 2677 videtur,
497 2634 694 2687 exemplo
729 2646 817 2672 non
845 2633 979 2686 potest
1010 2634 1089 2673 ess'e
1121 2635 1244 2674 duas.
1327 2633 1449 2685 Opus

116 2699 234 2737 enim
266 2699 323 2739 est
350 2699 653 2755 significatione
685 2701 969 2756 diphthongi,
1003 2715 1108 2756 quae
1136 2702 1250 2741 duas
1275 2701 1452 2754 quidem
