1656 2990
270 549 528 628 uzandaffe
563 552 654 604 hoe
690 553 808 603 milzi
845 556 1051 605 videtur
1079 567 1131 605 et·
1170 552 1466 631 imperaffe,
1516 567 1572 604 ut
1626 567 1643 602 7

283 667 395 719 Tibi
435 670 613 735 palam
657 672 910 720 traderem
961 672 1088 721 lianc
1141 690 1348 736 operam
1395 690 1568 722 meanz.
1635 661 1638 667 ’

277 785 424 858 Quae
445 783 503 856 fi
535 782 776 858 versatur
812 791 863 836 in
896 806 1085 857 genere
1120 787 1405 846 literarum,
1443 788 1581 852 quod

284 901 364 949 Tu
386 897 599 971 scriptis
636 906 836 969 quidem
884 899 1005 954 Tuis
1039 922 1136 955 non
1171 900 1419 981 attigisti,
1454 880 1580 952 mul-

275 1018 340 1064 tis
377 1026 568 1078 tamen,
605 1030 660 1068 ut
685 1022 820 1079 dixi,
857 1019 1129 1071 nominibus
1166 1022 1238 1070 ad
1282 1022 1356 1070 Te
1388 1011 1583 1090 potzffl-

279 1148 414 1180 mum
451 1152 514 1182 ea
548 1140 779 1201 pertinet.
860 1139 1166 1201 Scriptorem
1203 1137 1431 1201 equidem
1466 1133 1586 1183 milli

264 1243 432 1318 sumfi
479 1253 685 1302 interius
723 1250 1117 1325 cognoscendum
1163 1263 1214 1302 et
1257 1248 1590 1317 popularibus

281 1367 426 1423 meis,
470 1355 558 1416 vel
578 1365 636 1439 fi
670 1373 782 1433 quis
817 1380 1105 1419 exterorum
1139 1368 1263 1418 haec
1299 1364 1477 1437 nostra
1513 1362 1592 1435 est

284 1477 625 1551 respecturus,
663 1486 1114 1542 commendandum,
1148 1481 1270 1552 post
1307 1483 1415 1548 ejus
1452 1498 1595 1546 repe-

287 1599 508 1645 titionem
545 1600 856 1664 aliquamdiu
885 1585 1226 1672 intermiffam‚
1263 1602 1368 1663 qui,
1403 1608 1454 1647 et
1477 1614 1596 1662 ope·-

289 1715 358 1760 ris
395 1717 611 1763 materia
648 1727 697 1764 et
721 1712 979 1786 scribendi
1014 1719 1196 1772 animo,
1231 1730 1474 1782 magnam
1507 1711 1599 1760 ha-

289 1825 428 1877 beret
462 1847 572 1879 cum
612 1834 813 1900 ingenio
870 1833 980 1880 Tuo
1028 1833 1387 1900 cognationem.
1482 1829 1600 1877 Pri-

291 1963 424 1994 mum
462 1950 590 1994 enim
626 1951 738 2012 quis
775 1945 992 2004 dubitet,
1059 1948 1180 2011 quin
1217 1946 1397 1994 orandi
1433 1944 1600 2010 mag‘-

284 2031 400 2127 ster
421 2055 822 2131 diligentiſjssmus
858 2072 989 2111 recte
1022 2064 1253 2109 mittatur
1285 2059 1356 2108 ad
1386 2059 1475 2115 Te,
1513 2057 1600 2120 qui

296 2175 499 2225 dicendo
536 2178 610 2226 ad
638 2177 884 2241 populum
916 2176 1124 2244 longam
1154 2186 1370 2225 aetatem
1394 2168 1602 2244 summa

297 2306 408 2338 cum
443 2296 624 2360 gratia
664 2303 715 2342 et
752 2279 1123 2360 existimatione
1157 2290 1426 2359 exegeris?
1483 2288 1553 2336 Ν
1551 2304 1604 2335 0-

298 2407 356 2455 vi
392 2409 620 2470 equidem
658 2419 968 2472 quantopere
1001 2404 1177 2479 soleas
1213 2425 1248 2457 a
1296 2406 1370 2455 Te
1407 2401 1606 2452 amoliri

301 2537 491 2568 omnem
528 2522 812 2592 artificialis
849 2524 1159 2588 eloquentiae
1199 2519 1465 2576 ambitum,
1520 2533 1606 2565 ne-

300 2652 397 2698 que
413 2633 519 2707 scm
545 2635 697 2707 filius
745 2641 820 2689 Te
855 2641 1041 2708 dignus
1105 2657 1122 2686 z
1159 2641 1210 2686 in
1247 2636 1422 2685 laudes
1469 2633 1608 2684 Tuas
1638 2640 1640 2642 ’
