1656 2990
496 177 956 226 PRAEFATIO.
1262 190 1404 220 Lxm

137 307 205 357 ad
237 305 425 358 Claud.
464 300 1186 372 Cappe1·onnerium*scripta
1223 301 1316 366 (L.
1350 303 1404 349 B.

135 413 240 460 172
253 403 300 447 6.
348 396 440 462 4.)
491 399 853 453 Burmannus,
919 394 1208 443 rhetorices
1246 390 1407 440 artifi-

136 489 281 538 cialis
326 489 542 545 notitia,
620 487 790 552 qualis
829 496 938 535 erat
978 482 1219 551 profecto
1259 481 1410 532 haud

133 580 325 646 exigua
354 579 415 626 in
448 577 908 643 Capperonnerio,
946 573 1222 624 neceffaria
1252 575 1408 640 plane

130 668 205 719 est
253 668 319 717 ad
359 666 823 733 interpretandum
862 667 1116 725 Fabium,
1181 667 1296 714 imo
1341 663 1408 712 ad

135 760 370 826 pretium
388 759 715 807 variantibus
746 756 1014 823 scripturis
1035 755 1406 822 affignandum.

135 853 284 900 Hanc
319 865 452 899 vero
485 847 619 897 dum
645 846 785 896 infra
813 846 866 895 se
898 845 1118 913 positam
1153 845 1411 895 existimat

135 941 496 996 Burmannus,
548 935 859 1004 scriptorem
900 936 1060 986 suum
1097 936 1247 1003 saepe
1295 954 1410 986 non

137 1028 210 1078 est
242 1026 529 1077 assecutus..
623 1030 690 1077 Et
725 1026 968 1092 profecto
1005 1028 1140 1075 mira
1176 1026 1250 1076 est
1289 1026 1409 1076 fim-

136 1119 367 1186 plicitas,
445 1135 629 1168 earum
670 1116 723 1166 se
767 1135 950 1167 rerum
998 1118 1314 1184 imperitum
1360 1128 1412 1165 et

132 1207 383 1259 securum
426 1208 693 1276 profiteri,
772 1226 901 1274 quas
952 1217 1134 1257 traetet
1185 1208 1412 1275 scriptor

137 1318 301 1367 quem
331 1300 458 1350 edis.
538 1298 764 1349 Viciffim
786 1301 1252 1366 Capperonnerius
1280 1316 1413 1366 pue-

137 1388 311 1450 rilem,
352 1407 420 1439 an
455 1390 628 1440 dicam
659 1391 882 1449 anilem,
922 1392 981 1439 in
1015 1391 1172 1439 hacce
1214 1392 1412 1460 ῥητοςείᾳ

133 1482 432 1546 jactantiam
462 1499 587 1547 prae
614 1480 666 1529 se
696 1479 828 1540 fert,
879 1480 1162 1531 sexcenties
1200 1480 1411 1530 easdem

135 1548 531 1638 explicationes!
554 1573 828 1638 ingerens,
887 1583 940 1620 et
975 1571 1244 1620 stemmata
1279 1569 1411 1620 futi-

131 1661 437 1712 liffimarum
468 1663 787 1721 notionum,
836 1679 1031 1729 magno
1069 1680 1194 1711 cum
1226 1660 1412 1727 strepi-

135 1763 216 1810 tu,
254 1753 526 1811 evolvens,
562 1753 800 1802 velutad
822 1766 872 1812 5,
917 1759 966 1811 6,
1011 1758 1096 1810 86.
1139 1764 1191 1818 et
1224 1767 1274 1811 5,
1330 1771 1411 1809 ιο,

142 1855 234 1904 57,
273 1858 436 1907 quem
459 1851 599 1890 recte
621 1843 862 1908 explodit
884 1846 1224 1893 Burmannus
1249 1842 1408 1908 Epist.

139 1950 191 2000 p.
232 1937 319 1997 54.
408 1933 662 1983 Criticam
700 1935 966 1983 rationem
1004 1935 1162 2000 plane
1199 1935 1414 1999 ignorat

137 2023 301 2082 idem,
338 2022 438 2072 nisi
466 2022 630 2072 ficubi
656 2025 847 2074 notitia
877 2041 1062 2073 rerum
1092 2024 1260 2090 adigit
1283 2041 1411 2073 eum

138 2123 193 2162 et
229 2114 371 2179 cogit
395 2112 538 2178 quasi
574 2114 641 2163 ad
669 2113 1052 2180 agnoscendam
1072 2131 1254 2163 veram
1287 2112 1411 2163 scri-

140 2213 378 2269 pturam,
457 2204 609 2270 quod
653 2206 938 2271 aliquoties
979 2206 1031 2253 ei
1072 2203 1310 2253 accidiffe
1350 2206 1411 2253 in

120 2295 281 2361 *notis
319 2311 616 2345 monemus.
692 2297 868 2346 Etiam
901 2296 1156 2345 orationis
1191 2296 1409 2344 Latinae

138 2383 399 2451 insignem
449 2386 772 2452 plerumque
826 2385 1010 2452 prodit
1067 2386 1405 2451 imperitiam.

137 2476 265 2524 Duo
302 2485 480 2525 autem
519 2475 643 2526 sunt
686 2493 822 2542 quae
858 2477 1144 2542 aegerrime
1189 2476 1410 2525 tulerim

141 2565 203 2614 in
242 2565 346 2615 hoc
385 2566 634 2625 homine,
696 2584 873 2616 unum
911 2566 1062 2631 quod
1100 2564 1407 2615 Parifienses

145 2655 391 2714 Codices,
432 2674 696 2728 :quorum
729 2657 880 2707 aditu
910 2674 1252 2725 nequaquam
1282 2674 1406 2723 pro—
