1656 2990
250 219 349 268 444
558 205 632 251 M.
667 204 798 248 FAB.
831 183 1237 263 QUINTILIANI

246 326 438 403 vemſje
478 329 671 377 dicitur
713 325 1010 396 quisquam,
1087 324 1175 373 sed
1214 344 1310 375 non
1346 322 1544 399 vitaffe.
1568 366 1571 369 ,

214 421 237 457 9
250 411 313 456 Et
330 408 512 456 Cicero
537 400 753 466 quidem
771 401 828 447 in
849 399 1131 448 Rhetoricis
1152 400 1409 461 judicium
1430 401 1636 452 sub-223

249 514 296 548 est
314 513 357 547 cle
371 511 505 556 judicio
519 509 651 544 ethaeo
667 507 782 542 nostra
796 507 870 541 fere

247 568 417 615 repetit).
474 567 572 599 Haec
600 559 872 611 ἀντιστρέφοντα

247 623 332 657 alias
358 620 483 656 vocari
511 620 561 653 ait
582 619 699 657 idem,
729 617 772 652 de
793 619 871 664 qui-

249 679 315 713 bus
347 676 434 711 vide
466 673 626 710 Gellium
650 682 693 716 5,
727 685 772 706 ιο
806 672 871 707 ubi

244 731 394 767 Euathli
415 730 632 779 praestigiae.
688 724 791 762 Κοινοὶ
819 740 872 761 ea-

245 787 327 822 dem
348 798 462 834 prope
491 784 746 834 significatione
765 782 870 817 Arist.

246 842 353 877 Rhet.
377 851 412 879 2,
445 849 506 877 22,
541 849 587 872 12
618 839 683 873 nisi
709 837 809 884 quod
829 838 869 872 in

244 895 525 931 demonstrativo
545 893 656 928 solum
671 905 812 942 genere.

302 952 419 987 Cicero
433 970 483 976 -—
505 952 539 983 ὶη
557 950 765 984 Rhetoricis.
807 949 869 982 So-

244 1005 300 1041 lus
327 1006 387 1040 hic
423 1013 563 1039 rectum
602 1003 730 1037 vidiffe
766 1001 869 1037 vide-

245 1073 326 1100 rur,
355 1061 422 1108 qui
442 1060 582 1107 primus
603 1058 725 1092 locum
747 1068 871 1092 tracta-

243 1117 319 1154 vit,
350 1116 498 1165 Regius.
562 1113 665 1150 Alios
686 1112 781 1147 ullos
809 1113 868 1148 Ci-

244 1171 382 1205 ceronis
404 1170 528 1208 libros,
554 1181 662 1216 quam
683 1180 774 1214 quos
786 1167 869 1201 vul-

243 1238 291 1276 go
323 1227 366 1260 de
396 1228 597 1260 Inventione
633 1222 866 1270 appellamus,

243 1278 438 1331 designari,
466 1279 623 1317 nemini,
655 1280 676 1311 fi
699 1278 865 1324 sapimus,

242 1335 448 1375 credemus3
478 1347 560 1368 cum
573 1333 731 1368 constans
753 1331 865 1379 Quin-

240 1390 356 1425 tiliani
369 1389 594 1436 aliorumque
603 1397 770 1422 veterum
782 1388 864 1421 usus

240 1455 440 1495 repugnet,
481 1444 549 1478 hos
582 1442 674 1477 solos
703 1443 866 1476 Rhetori-

241 1512 298 1534 σος
316 1500 540 1536 vocantium.
570 1501 611 1531 In
632 1495 764 1543 quibus
780 1508 863 1529 cnm

239 1554 345 1593 haec,
376 1567 466 1601 qnae
486 1553 604 1602 tangit
618 1554 686 1598 Qu.
699 1576 708 1590 ,
737 1551 865 1585 frustra

239 1619 480 1657 quaerantur,
505 1607 728 1654 relinquitur
750 1615 790 1640 ut
812 1606 866 1639 in-

239 1664 427 1698 terciderit
458 1664 576 1710 operis
614 1674 718 1709 pars,
774 1673 864 1707 qnae

240 1719 442 1754 contineret
461 1719 532 1755 ista.
589 1719 718 1762 Neque
731 1725 866 1749 cetero-

238 1775 303 1821 qui
322 1773 473 1808 dubium
494 1773 559 1810 est,
587 1773 677 1819 quin
698 1770 866 1817 imperfe-

239 1839 338 1863 ctum
369 1828 412 1862 ad
439 1841 508 1862 nos
527 1826 738 1875 pervenerit
757 1825 862 1863 illud,

238 1884 337 1930 qnod
367 1884 562 1929 unicuique
586 1892 791 1916 extremum
821 1880 864 1914 li-

238 1939 345 1973 brum
366 1938 560 1973 secundum
584 1936 719 1986 legenti
743 1936 864 1969 incur.

237 1994 288 2027 rit
308 1994 348 2027 in
371 1993 506 2028 oculos.
565 1993 683 2039 ipsum
715 1990 863 2037 quidem

238 2049 449 2096 scriptorem
486 2047 592 2082 telam
633 2058 707 2080 non
747 2055 863 2092 perte-

237 2104 353 2138 xuiffe
375 2103 433 2138 sed
454 2101 612 2139 librum,
641 2110 683 2134 ut
710 2101 743 2135 se
770 2100 864 2134 iudi-

239 2171 352 2209 gnum
382 2157 542 2205 (qualem
561 2166 653 2194 turn,
685 2168 765 2189 cum
784 2155 862 2189 scri-

237 2213 367 2252 bebat,
397 2213 560 2260 profecto
579 2223 652 2244 non
673 2210 859 2257 putabat),

238 2268 400 2306 omififfe,
431 2278 563 2302 temere
576 2265 638 2301 [ibi
651 2264 860 2312 persuadent

238 2323 398 2370 quidam.
455 2322 607 2358 Nonnisi
628 2333 735 2368 prava
751 2320 860 2353 inter-

236 2378 437 2426 pretatione
457 2389 499 2411 eo
521 2376 638 2414 trahas
656 2377 713 2410 De
737 2375 801 2410 Or.
828 2387 858 2412 ι,

239 2443 261 2467 2
290 2432 371 2467 init.
437 2431 514 2467 vid.
543 2430 649 2465 fabr.
680 2427 767 2464 bibl.
798 2429 860 2465 lat.

235 2490 323 2522 Ern.
349 2501 364 2520 ι
380 2511 390 2525 ,
421 2494 508 2534 145.
562 2487 655 2521 Cum
678 2485 793 2534 igitur
815 2487 862 2518 in-

237 2545 430 2577 ventionem
451 2540 635 2588 prioribus
656 2539 798 2574 duobus
819 2538 862 2573 li-

236 2597 311 2631 bris
344 2597 539 2633 tractasset,
568 2596 605 2629 in
634 2593 860 2640 sequentibus

234 2651 383 2686 videtur
412 2650 579 2686 transiiss‘e
601 2649 643 2683 ad
666 2648 863 2697 dispositio-

236 2718 335 2746 nem;
363 2706 413 2741 ita
432 2715 563 2744 tamen,
593 2714 633 2741 ut
654 2713 799 2754 negaret
818 2704 862 2738 de

921 509 1054 552 judicio
1083 508 1223 542 seorsim
1253 520 1344 555 opus
1365 507 1432 542 effe
1450 520 1549 555 prae-

927 564 1066 610 cipere,
1115 563 1215 610 quod
1238 562 1434 611 subjectum
1463 562 1548 596 effet

926 620 1125 653 inventioni.
1187 618 1396 663 Subjiciendi
1418 617 1548 667 fignifi-

926 674 1017 708 cntio
1049 674 1123 707 sane
1152 682 1187 707 et
1214 672 1274 707 hic
1296 671 1548 706 retinendaest

927 741 983 767 ea,
1013 741 1083 774 qua
1105 728 1228 778 generi
1254 727 1382 775 species
1411 726 1547 761 dicitur

919 782 1092 831 subjecta.
1151 782 1262 816 Aliud
1272 782 1319 816 est
1336 781 1546 830 subjungere

925 839 971 882 (ὦ.
992 842 1054 883 ιο)
1078 837 1281 886 subnectere
1301 837 1350 881 (§
1363 843 1420 880 5),
1446 832 1548 871 'aliud

918 893 1102 941 subjicere.
1174 891 1243 927 Illo
1272 892 1434 927 faciendo
1467 902 1546 925 rem

916 944 1159 996 subjunctam,
1189 946 1407 996 subnexam,
1443 945 1548 994 poni-

922 1015 1004 1038 mus
1030 1004 1140 1050 ipsam
1167 1002 1244 1050 post
1263 1001 1546 1049 praecedentem.

925 1068 967 1092 nt
994 1057 1139 1092 alteram
1167 1058 1338 1105 speciem;
1375 1057 1446 1093 hoc
1469 1068 1545 1090 eam

922 1112 1115 1160 praeeeden
1121 1112 1149 1146 ti
1159 1137 1168 1151 ‚
1207 1117 1389 1159 tanquam*
1405 1122 1546 1162 genere,

923 1167 1214 1216 comprehensam
1251 1166 1544 1203 demonstramus,

920 1222 1103 1270 ipsamque
1116 1221 1302 1256 interdum
1320 1221 1427 1256 etiam
1439 1221 1545 1262 omit-

919 1278 1042 1312 timus.
1072 1275 1247 1324 Exempla
1258 1276 1353 1324 apud
1364 1276 1522 1311 nostrum
1536 1288 1544 1308 :

927 1346 959 1371 1,
996 1339 1041 1379 4,
1071 1341 1120 1366 20
1151 1331 1216 1366 ubi
1243 1331 1321 1366 vid.
1349 1340 1425 1365 not.
1450 1330 1542 1366 Crit.

915 1386 1062 1435 species.
1121 1396 1156 1430 3,
1188 1395 1223 1429 5,
1253 1398 1289 1434 9.
1346 1395 1381 1430 3,
1409 1392 1448 1430 8.
1479 1385 1543 1420 26.

922 1451 987 1485 52.
1006 1451 1073 1476 cet.
1132 1441 1241 1489 Apud
1264 1441 1340 1478 Cic.
1361 1441 1406 1476 de
1425 1441 1492 1477 Or.
1511 1453 1545 1479 ι,

920 1503 986 1542 42.
1024 1498 1083 1531 De
1103 1496 1178 1532 Off.
1197 1509 1229 1534 ι,
1258 1506 1322 1538 27.
1356 1498 1449 1544 Top.
1465 1508 1494 1530 c.
1506 1502 1543 1540 3.

919 1553 978 1586 De
1004 1552 1085 1586 Fin.
1115 1561 1160 1590 2,
1187 1557 1225 1597 4.
1281 1552 1411 1598 Neque
1426 1560 1546 1599 putes,

914 1605 986 1655 sex
1021 1607 1239 1655 eloquentiae
1274 1617 1391 1654 partes
1418 1605 1544 1654 factas

920 1661 1134 1709 exprobrari
1175 1661 1365 1699 Ciceroni,
1409 1673 1542 1695 verum

917 1715 1010 1751 illud
1037 1715 1274 1762 reprehendi,
1318 1715 1418 1762 quod
1448 1716 1544 1760 judi-

919 1774 1008 1806 cium
1026 1771 1140 1821 magis
1155 1782 1236 1804 cnm
1257 1773 1449 1806 inventione
1460 1783 1542 1805 con-

917 1827 1102 1872 junxerit,
1158 1836 1266 1871 quam
1298 1837 1382 1860 cum
1414 1825 1541 1860 ceteris

917 1881 1093 1929 partibus.
1159 1881 1288 1915 Fateor
1316 1890 1454 1920 tamen,
1501 1881 1541 1914 in

919 1935 1148 1982 sequentibus
1203 1935 1311 1969 etiam
1365 1948 1542 1971 munerum

917 1991 1034 2038 ipsum
1056 1990 1280 2036 eloquentiae
1302 1991 1461 2037 partium
1481 2003 1543 2025 au-

891 2068 899 2076 ,
918 2056 1015 2080 ctum
1044 2058 1063 2078 a
1091 2046 1264 2081 Cicerone
1289 2045 1328 2078 in
1346 2045 1542 2088 Rhetoricis

917 2100 1127 2151 fignificari,
1183 2100 1355 2146 qnoniam
1392 2103 1540 2149 quinque

916 2165 1055 2203 partes,
1090 2155 1129 2189 in
1149 2154 1229 2190 aliis
1249 2154 1408 2201 ejusdem
1435 2154 1539 2190 libris

916 2211 1075 2260 agnitae,
1123 2219 1371 2257 opponuntur.
1442 2212 1537 2245 Ilaec

915 2275 1034 2299 autem
1055 2275 1098 2299 ut
1117 2265 1240 2299 existat
1254 2265 1433 2304 sententia,
1461 2278 1540 2299 mu-

914 2320 1053 2354 tatione
1082 2332 1173 2366 opus
1197 2320 1262 2354 ess‘e
1278 2319 1467 2357 existimo,
1497 2330 1539 2354 ut

913 2387 981 2422 pro
995 2374 1314 2423 subjecitlegatur:
1336 2371 1534 2421 subjunxit.

915 2428 1022 2464 Solos
1053 2430 1096 2462 de
1126 2431 1326 2464 Inventione
1357 2429 1468 2464 libros
1497 2431 1536 2463 in

917 2484 988 2518 hoc.
1013 2485 1087 2530 ipso
1118 2483 1201 2517 loco
1227 2484 1465 2534 agnoscendos
1484 2497 1537 2518 re-

917 2549 970 2572 cte
1001 2548 1097 2572 tenet
1126 2541 1249 2572 Burm.
1279 2539 1317 2572 in
1343 2539 1453 2586 praef.
1482 2539 1534 2573 ed.

915 2593 1034 2643 Lugd.
1069 2596 1147 2627 nat.
1183 2593 1352 2628 Rhetorr.
1379 2593 1423 2628 ad
1449 2595 1535 2628 Her.

917 2658 981 2682 cet.
1019 2648 1130 2690 1761.
1158 2661 1191 2696 p.
1210 2649 1255 2682 Χ.
1286 2649 1331 2682 cf.
1353 2657 1428 2684 not.
1444 2649 1534 2685 Crit.

917 2703 961 2738 ad
986 2704 1082 2738 Idem
1103 2705 1137 2738 in
1164 2704 1324 2739 Oratore.
