1656 2990
309 222 400 272 142
618 217 690 261 M.
726 218 858 260 FAB.
897 217 1303 276 QUINTILIANI
1335 264 1337 266 ,

304 348 462 396 cetur,
475 348 540 386 ut·
555 354 700 386 curro
722 347 770 383 et
792 337 937 404 lego.-
975 337 1119 400 quod.
1139 338 1289 386 nobis
1311 339 1605 390 inauditum

302 412 388 461 est.
451 413 550 461 Sed
580 430 691 461 non
718 411 787 459 est
817 414 940 459 haec
968 429 1090 460 vera
1118 417 1455 477 comparatio:
1486 432 1604 463 nam

291 485 471 557 servit
502 489 583 536 issi
610 486 681 535 est
716 486 875 534 simile
892 483 1088 558 servit.-
1126 506 1284 551 quam
1311 492 1604 554 proportio*

304 580 424 610 nem
446 562 679 627 sequenti
701 563 870 610 dicere
889 561 1080 611 neceffe
1104 559 1410 631 estservire,
1424 562 1606 635 utser..

243 642 427 686 sevire.
466 640 636 687 Prima
655 655 868 703 quoque
889 639 1168 702 aliquando
1189 637 1371 703 politio
1391 657 1452 686 ex
1473 641 1605 689 obli-

303 715 422 777 quis
440 715 730 771 invenitur,
751 724 809 762 ut
829 716 1078 762 memoria
1098 725 1271 778 repeto
1294 717 1557 764 convictos
1577 732 1604 762 a

301 805 401 846 me,
424 791 518 853 qui
538 790 988 854 reprehenderant,
1013 790 1159 853 quod
1182 791 1280 839 hoc
1300 790 1462 839 verbo
1482 789 1604 839 usus

299 862 466 921 effem,
486 869 680 934 pepigi.
718 883 836 914 nam
862 866 917 913 id
943 865 1158 930 quidem
1181 863 1356 912 dixiffe
1375 864 1604 914 summos

295 950 528 989 auctores
550 940 950 998 confitebantur,
983 943 1233 989 rationem
1261 951 1430 1003 tamen
1451 957 1602 1004 nega-

292 1014 418 1063 bant
441 1019 763 1080 permittere:
801 1018 924 1080 quia
955 1018 1121 1081 prima
1150 1017 1332 1081 politio
1357 1013 1600 1088 paciscor,

258 1125 269 1130 -
296 1107 417 1139 cum
448 1092 659 1140 haberet
695 1103 932 1140 naturam
961 1093 1218 1158 patiendi,
1257 1091 1446 1140 {liceret
1472 1102 1601 1139 tem-

237 1183 280 1207 ²1
294 1183 422 1232 pore
459 1169 734 1233 praeterito
769 1178 951 1231 pactus
973 1164 1110 1239 sum.
1209 1170 1347 1224 Nos,
1400 1177 1602 1232 praeter

373 1295 503 1346 neceffe
524 1295 575 1346 “⁹st
598 1315 653 1324 —-—
683 1307 722 1330 ut
745 1295 890 1344 servire.
947 1299 1018 1331 Pro
1040 1295 1108 1345 cst,
1138 1296 1242 1330 malit
1261 1295 1390 1343 aliquis
1411 1308 1456 1330 ex
1479 1295 1600 1330 nostro

289 1362 394 1386 more
413 1352 520 1402 affec,-
549 1351 750 1386 innumeris
770 1353 868 1385 enim
888 1360 1054 1386 veterum
1073 1351 1161 1386 locis
1181 1352 1264 1402 effer
1282 1361 1507 1386 contractum
1527 1351 1599 1386 fuit

289 1406 330 1441 in
352 1405 413 1455 est.
469 1406 646 1455 Exempla
667 1406 775 1441 habes
795 1406 977 1441 Drakeub.
1000 1407 1043 1441 ad
1060 1407 1146 1442 Liv.
1167 1417 1230 1455 223
1256 1406 1318 1450 36,
1343 1413 1380 1454 4.
1434 1406 1502 1441 Sed
1523 1418 1601 1441 mo-

287 1471 352 1496 net
384 1460 624 1497 Ruhnkenius
656 1461 700 1496 ad
731 1461 860 1509 Vellej.
887 1472 922 1501 2,
943 1469 994 1508 42
1018 1472 1158 1497 veteres
1181 1462 1219 1496 in
1237 1461 1330 1496 hisce
1347 1463 1515 1509 Longum
1536 1459 1598 1509 est.

286 1518 463 1563 infinitum
491 1515 562 1566 est,
592 1518 649 1552 uti
678 1517 752 1551 fere
785 1518 957 1564 praesenti
987 1517 1178 1552 indicativi
1196 1527 1257 1552 aut
1283 1517 1487 1565 imperfecti
1505 1517 1598 1562 ejus·

284 1571 369 1606 dem
401 1572 513 1607 modi.
571 1572 658 1607 Tale
690 1581 726 1607 et
753 1572 814 1606 hic
834 1573 982 1607 videtur
1004 1572 1132 1622 neceffe
1154 1571 1224 1620 est,
1252 1572 1376 1620 quod,
1405 1573 1443 1606 in
1466 1583 1596 1624 genere

284 1627 437 1666 dictum,
460 1638 579 1662 tamen
600 1627 644 1662 ad
665 1637 797 1662 certam
822 1628 1068 1673 conditionem
1089 1627 1328 1679 intelligitur,
1353 1626 1416 1662 ubi
1435 1626 1597 1676 sequenti

284 1681 499 1730 explicabis:
525 1682 560 1732 fi
581 1685 657 1732 quis
682 1680 784 1732 sequi
815 1684 975 1718 voluerit.
1033 1682 1140 1730 Quod
1159 1693 1277 1719 autem
1303 1693 1341 1718 ut
1357 1681 1492 1732 legitur
1514 1691 1596 1716 ante

278 1735 435 1786 servire,
464 1738 503 1772 id
524 1751 654 1774 vereor
673 1747 715 1772 ut
736 1741 777 1773 fit
797 1752 843 1772 ex
865 1748 988 1772 vetere
1008 1737 1116 1773 libro.
1171 1739 1309 1788 Regius
1331 1749 1365 1772 et
1386 1750 1454 1785 pro
1476 1749 1518 1771 eo
1540 1737 1598 1770 in-⁴

284 1791 478 1833 veniebat,
506 1794 607 1841 quod
631 1793 717 1828 dant
740 1795 848 1828 etiam
872 1793 992 1828 Guelf.
1016 1794 1114 1830 Voss'.
1134 1806 1166 1827 1.
1183 1803 1218 1836 5.
1242 1794 1334 1831 Jens.
1355 1796 1447 1837 (tac.
1469 1793 1594 1835 Gern.)

283 1848 323 1882 Si
343 1848 454 1882 fidem
474 1859 676 1888 mererent,
703 1850 769 1896 qui
793 1849 1027 1883 contulerunt
1047 1848 1176 1887 Codd..
1206 1847 1343 1882 multos
1365 1848 1512 1895 quidem
1534 1847 1595 1881 ha-

282 1902 451 1939 beremus
476 1904 575 1938 testes
598 1914 759 1951 receptae
790 1905 1003 1952 seripturae;
1034 1903 1145 1938 multi
1173 1905 1269 1938 enim
1293 1903 1408 1940 Codd.
1434 1902 1592 1938 silentur.

282 1960 328 1992 In
349 1960 459 1994 Goth.
473 1959 563 1994 olim
581 1970 724 1998 cratet,
754 1960 810 1994 scd
836 1961 1134 2007 subterpunctum
1157 1973 1175 1992 e
1197 1959 1302 2006 eique
1323 1959 1530 2006 impositum
1556 1973 1591 1992 u.

282 2015 378 2048 Puto
399 2025 519 2049 tamen
539 2014 731 2050 rectiffime
753 2015 952 2049 emendasse
974 2014 1142 2049 voculam
1165 2015 1343 2064 Regium,
1372 2025 1454 2048 cum
1479 2011 1591 2052 nulla,

281 2069 323 2103 in
344 2070 461 2105 codd.
487 2070 680 2118 scriptura,
710 2080 876 2118 apparent
898 2071 1027 2104 idonea
1051 2070 1230 2104 sententia.
1262 2069 1306 2103 cf.
1330 2068 1373 2104 ad
1402 2082 1432 2106 ι,
1455 2074 1500 2114 4,
1525 2079 1560 2116 9.

340 2127 551 2174 lconviccos.
609 2125 731 2160 Guelf.
757 2128 975 2169 conjunctos,
1006 2125 1179 2159 facillimo
1202 2133 1237 2158 et
1261 2137 1370 2171 paene
1400 2123 1591 2157 neceffario

281 2192 418 2215 errore.
476 2180 586 2216 Goth.
612 2190 813 2215 correctum
847 2180 956 2214 habet
986 2183 1160 2215 convictos
1178 2192 1223 2214 ex
1243 2181 1460 2224 conjunctos,
1491 2177 1591 2224 quod

278 2247 355 2270 non
377 2246 558 2271 memorat
579 2237 685 2272 Gesn.
723 2235 768 2270 cf.
794 2232 979 2270 Drakenb.
1002 2236 1047 2270 ad
1068 2235 1154 2271 Liv.
1181 2244 1217 2274 2,
1241 2241 1306 2282 40.
1333 2243 1380 2278 15
1407 2242 1444 2267 et
1466 2232 1592 2280 Epito‘-

279 2302 340 2326 me
365 2290 389 2326 l.
414 2290 478 2336 63.
500 2304 535 2340 p.
562 2299 626 2340 95.

332 2401 428 2450 quod
447 2401 546 2436 nobis
565 2400 770 2436 inauditum.
806 2402 909 2434 Prae-
1019 2413 1088 2436 non
1131 2420 1189 2429 —-
1232 2413 1315 2435 vera
1361 2401 1591 2454 comparan'o3

278 2457 354 2491 sens
374 2456 566 2491 indicativi
585 2458 668 2496 live,
681 2456 779 2503 quod
792 2457 906 2502 ajunt,
965 2455 1058 2491 Vera
1083 2468 1151 2504 pro
1182 2466 1298 2493 recta.
1321 2453 1418 2504 justa
1451 2463 1490 2488 ut
1518 2455 1588 2489 sex-

277 2511 399 2545 thema
421 2510 526 2547 verbi
541 2511 706 2560 fervere,
736 2521 905 2558 tanquam
962 2511 1118 2552 centies;
1169 2520 1207 2547 et
1243 2510 1337 2545 bona
1384 2509 1586 2552 observatio

277 2578 323 2600 ex
345 2568 449 2600 tertia
470 2568 725 2617 conjugatione
747 2578 907 2614 pronun·
961 2566 1203 2612 Quintiliani3
1230 2565 1377 2613 quando
1399 2565 1495 2599 enim
1522 2576 1588 2598 un-

278 2622 434 2660 ciat-zm,
461 2621 538 2669 {fibi
578 2621 743 2656 auditum
775 2630 904 2671 negat,
960 2634 1069 2667 quam
1092 2621 1302 2657 terminatio
1322 2620 1383 2655 ista
1402 2623 1488 2655 ervit
1510 2631 1586 2666 per-

274 2689 392 2724 neque
416 2676 526 2715 nllus,
557 2687 660 2724 puto,
692 2677 840 2724 scriptor
863 2688 905 2711 eo
961 2677 1073 2711 tinuit
1108 2677 1153 2712 ad
1191 2677 1333 2712 tertiam
1361 2674 1586 2723 conjugatio·

277 2733 415 2775 mitum
446 2732 633 2768 infinitivo
656 2731 777 2766 multi.
959 2724 1075 2766 nem?
