1656 2990
297 179 461 225 INST.
498 142 776 226 GRATOR.
808 177 928 224 LIB.
962 177 1143 233 111‚·3.
1212 230 1215 233 y
1289 187 1386 232 575

53 306 159 365 tio,
195 315 373 355 tamen
398 303 508 355 sola
539 303 625 354 est.
703 307 843 374 Quas
869 314 1041 369 partes
1061 319 1174 351 non
1201 311 1451 350 omne326

54 385 114 435 in
141 398 362 441 omnem
395 381 578 431 cadere
618 380 898 431 suasoriam
942 376 1268 429 manifestius
1299 376 1388 438 est,

55 471 218 525 quam
252 470 314 510 ut
348 459 651 509 docendum
694 458 766 507 fit.
868 460 1068 506 Tamen
1100 455 1244 522 apud
1276 457 1390 521 ple-

53 535 250 600 rosque
289 553 472 585 ear‘um
509 536 764 585 numerus
801 545 1049 600 augetur,
1129 551 1157 581 a
1191 533 1390 596 quibus

51 623 332 680 ponuntur
361 623 424 662 ut
457 624 651 679 panes,
712 629 846 676 quae
882 610 1077 677 species
1107 608 1230 659 sunt
1272 627 1390 676 par-.-

51 691 202 740 tium'.
292 691 435 739 Nam
466 686 595 759 sas,
645 685 876 757 justum,
930 691 1100 753 pium,
1152 705 1391 752 aequum,

53 762 372 839 mansuetum
401 783 622 832 quoque
660 765 764 834 (fic
802 767 948 813 enim
980 763 1100 813 sunt
1131 765 1391 830 interpre-

53 843 147 892 tati
182 846 234 895 τὸ
266 846 453 914 ἥμερον)
496 854 548 891 et
585 841 622 891 sl
658 860 762 908 qua
796 842 970 891 adhuc
1006 841 1230 902 adjicere
1269 834 1390 905 quis

51 920 291 982 ejusdem
322 921 528 986 generis
559 920 717 978 velit,
774 917 964 980 subjici
996 915 1208 983 poffunt
1239 917 1392 967 hone-

42 993 191 1066 stati.
270 1001 355 1047 An
387 997 445 1046 fit
479 1007 655 1045 autem
683 993 873 1066 facile,
910 1013 1174 1064 magnum,
1207 994 1453 1059 jucun-27

53 1075 198 1132 dum,
224 1071 342 1146 fine
368 1073 634 1139 periculo?
679 1071 744 1121 ad
771 1070 1133 1137 quaestionem
1162 1073 1392 1137 pertinet

53 1151 300 1200 utilitatis.
379 1151 486 1219 Qui
514 1151 620 1199 loci
646 1150 899 1198 oriuntur
926 1165 989 1196 ex
1018 1148 1391 1198 contradictio-

51 1243 146 1275 ne:
189 1222 295 1295 Est
322 1228 525 1291 quidem
559 1225 706 1283 utile,
731 1221 839 1296 sed
871 1219 1100 1294 dffcile,
1142 1242 1390 1289 parvum,

0 1311 43 1360 28
54 1301 400 1367 injucundum,
453 1297 810 1373 periculosum.
917 1293 1119 1350 Tamen
1166 1303 1452 1366 quibus-23

53 1377 177 1430 dam
208 1378 427 1429 videtur
464 1376 562 1426 esse
592 1394 986 1442 nonnunquam
1032 1377 1098 1426 de
1140 1378 1393 1439 jucundi-

39 1466 155 1505 ·tate
201 1454 310 1506 sola
352 1453 697 1512 consultatio,
775 1464 838 1502 ut
875 1453 914 1501 fi
957 1453 1023 1502 de
1065 1453 1392 1518 aedificando

51 1531 275 1591 theatro,
310 1530 649 1581 instituendis
678 1529 836 1588 ludis,
876 1529 1212 1580 deliberetur.
1291 1524 1394 1580 Sed.

50 1610 324 1659 neminem
352 1607 484 1658 adeo
518 1606 755 1657 solutum
788 1608 925 1656 luxu
955 1617 1117 1672 puto,
1155 1618 1217 1656 ut
1251 1608 1394 1657 nihil

50 1687 112 1736 in
144 1684 293 1735 causa
327 1683 583 1735 suadendi
614 1683 864 1750 sequatur
903 1694 1108 1750 praeter
1144 1685 1392 1751 volupta-

134 1843 240 1879 quam
266 1839 307 1865 ut
335 1828 531 1865 docendum
550 1827 616 1878 fit.
675 1827 734 1865 Cf.
760 1837 797 1873 5,
829 1826 866 1867 6,
894 1833 948 1876 44
978 1841 1024 1863 nc
1046 1828 1140 1862 forte
1162 1827 1246 1874 quis
1270 1827 1393 1863 credat

51 1885 174 1921 nostro
195 1885 299 1926 loco,
331 1885 398 1921 ubi
427 1897 554 1920 omnes
587 1886 666 1921 doc.
702 1885 812 1924 dant,
840 1897 920 1918 non
941 1884 1032 1923 dic.‚
1061 1884 1140 1918 illic
1159 1896 1310 1931 quoque
1334 1884 1394 1919 de-

51 1941 155 1977 fendi
172 1942 390 1992 scripturam
413 1942 527 1977 Goth.
558 1941 729 1977 docenda.
788 1941 862 1975 Hic
882 1953 938 1975 res
958 1941 1116 1980 docetur,
1144 1939 1223 1974 illic
1241 1942 1394 1975 nomina

54 1997 229 2034 dicuntur.
264 2026 265 2029 η
509 2007 548 2032 ut
570 2009 705 2045 partes.
763 1997 890 2032 Turio.
923 2006 959 2031 et
989 1997 1090 2032 Alm.
1117 1996 1284 2032 inserunt
1313 1997 1392 2037 hae,

55 2065 131 2101 qno
161 2052 225 2092 vel
250 2054 374 2094 sensu,
412 2052 476 2089 vel
504 2065 649 2093 errore,
687 2065 764 2087 non
794 2062 948 2100 exputo.

136 2108 206 2158 sod
237 2113 418 2146 neminem.
476 2111 567 2147 Non
590 2109 704 2145 Goth.
735 2109 753 2154 (
765 2118 807 2143 ut
829 2118 952 2143 narrat
976 2108 1116 2155 Gesn.)
1148 2107 1207 2142 sed
1233 2109 1328 2146 Jens.
1354 2107 1390 2157 s.

51 2167 179 2200 nmini
206 2174 248 2200 ut
277 2176 315 2201 et
342 2167 455 2201 Tarv.
485 2166 560 2211 (cf.
591 2166 636 2200 ad
665 2174 702 2210 3,
734 2175 770 2209 7,
802 2164 900 2210 26.)
931 2164 1031 2212 quod
1054 2165 1217 2198 correxit
1236 2165 1389 2216 Regius.

54 2220 172 2256 Modo
197 2231 234 2256 et
263 2232 420 2269 utraque
457 2222 590 2257 harum
621 2221 832 2270 instruendis
868 2233 936 2268 pro
966 2219 1209 2268 instituendis,
1259 2221 1389 2256 eodem

42 2276 278 2314 ‘emendautm
336 2277 405 2312 Sed
426 2278 626 2325 utrobique
648 2278 848 2328 Regianum
872 2277 1055 2311 rationem
1081 2276 1150 2311 effe
1170 2277 1212 2311 in
1230 2276 1390 2316 Vallenfi

49 2342 176 2368 nauat-
190 2333 280 2370 Bad.
301 2342 340 2368 et
357 2332 512 2370 videtur
529 2334 597 2370 effe
615 2334 656 2368 in
678 2333 854 2369 omnibus
876 2332 996 2370 Codd.

82 2453 239 2503 *species
260 2475 316 2485 —-
334 2460 501 2504 partium.
532 2459 622 2495 Non
633 2457 690 2492 vi·
743 2456 850 2492 nullo
881 2455 956 2492 alio
980 2456 1079 2491 sensu
1101 2467 1212 2503 quam
1232 2457 1257 2491 fi
1277 2455 1388 2492 dixis—

53 2509 161 2545 detur
182 2511 290 2547 latius
311 2524 434 2561 patere
450 2516 562 2562 partis
580 2525 689 2548 voca·
745 2514 795 2548 set
823 2524 946 2560 partes
966 2514 1135 2560 partium.

53 2564 186 2602 bulum
206 2579 319 2615 quam
342 2566 496 2617 speciei,
526 2570 648 2606 saltem
667 2581 688 2604 e
792 2568 860 2616 fas
881 2588 934 2598 --
956 2567 1185 2618 mansuetum.
1226 2566 1272 2602 cf.
1286 2575 1324 2606 2,
1344 2572 1385 2615 4,

54 2622 242 2661 Ciceronis
262 2625 329 2659 usu
348 2624 428 2659 vid.
451 2626 581 2674 Topic.
604 2638 634 2660 c.
650 2635 687 2668 7.
745 2631 811 2670 58.

51 2679 167 2725 princ.
186 2678 232 2714 de
249 2682 332 2714 lnv.
357 2693 390 2718 1,
420 2688 469 2714 22
494 2691 588 2716 extr.
627 2682 688 2716 De
800 2679 1099 2727 contradictione.
1163 2677 1385 2715 edversario-

53 2733 157 2769 Orat.
182 2748 215 2774 ι,
244 2742 310 2781 4⁴²·
340 2734 509 2771 variavit
528 2746 686 2775 tantum,
743 2748 828 2770 rum
844 2734 932 2770 scil.
