1656 2990
280 252 373 299 432

590 243 662 286 Μ.
695 242 824 287 FAB.
863 225 1268 301 QU1'NT1L1AN1

279 365 342 412 lis
374 360 669 426 cognoscas:
719 380 951 426 quorum
970 362 1373 427 diligentiffimus
1398 367 1456 414 in
1484 375 1584 414 tra-
1640 350 1646 356 .

279 437 453 487 dendo
479 439 661 484 Latine
684 436 790 486 fuit
816 439 871 487 C.
895 439 1121 503 Valgius,
1162 441 1350 490 Graece
1371 442 1581 490 Atticus.

277 515 416 562 Nam
442 511 601 576 ipsius
626 511 732 562 sola
754 513 966 562 videtur
986 516 1082 563 Ars
1103 513 1241 562 edita
1261 514 1326 562 ad
1344 517 1584 574 Matium,

360 654 534 688 Matium.
589 653 682 691 Jenr.
712 653 815 698 (non
827 655 1018 694 Martium,
1047 663 1090 689 ut
1108 655 1239 699 Gesn.)
1269 655 1460 690 Mutrium.
1514 658 1588 694 Vo-

276 707 374 744 lebat
405 709 581 743 Muttium
610 707 707 742 haud
736 709 846 744 dubie
865 709 1058 749 librarius.
1095 718 1138 746 ut
1155 710 1254 758 saepe
1271 709 1452 745 scribitur.
1509 710 1586 746 vid.

277 763 407 815 Scalig.
425 763 449 798 1.
468 764 508 797 in
525 773 602 798 not,
623 775 680 798 ex.
700 776 730 799 c.

335 883 498 932 Valgius.
558 886 599 921 C.
613 884 767 936 Valgius
785 887 906 922 Rufus

278 941 543 977 Grammaticus
571 940 634 985 (cf.
656 950 732 975 not.
749 941 841 977 crit.
863 941 908 976 ad

281 1009 324 1034 ι,
354 1004 399 1039 5,
431 996 494 1038 67.
524 1009 560 1043 p.
587 1002 679 1042 134,
720 995 785 1031 ubi
812 996 907 1031 male

280 1051 454 1089 Valerius,
484 1063 551 1099 pro
577 1051 615 1085 V
611 1052 738 1098 algio)
768 1061 804 1086 et
826 1052 907 1086 rhe-

277 1115 358 1145 tor,
388 1115 551 1152 tempore
573 1105 744 1155 Augusti,
774 1108 834 1141 cui
862 1107 907 1141 li-

275 1160 384 1197 brum
396 1160 440 1195 de
459 1161 581 1196 herbis
600 1161 775 1208 inscripsit
793 1161 904 1206 (Plin.

276 1218 326 1252 H.
359 1217 408 1251 N.
441 1225 514 1259 25,
555 1217 618 1262 2.)
673 1218 831 1251 Rectene
859 1229 905 1249 an

274 1271 386 1306 nimis
424 1271 562 1305 curiose
596 1271 678 1308 VV.
711 1271 800 1305 DD.
858 1272 906 1306 se-

275 1335 422 1360 cernant
442 1325 541 1359 hunc
567 1338 586 1360 a
615 1327 658 1360 Τ.
678 1325 810 1376 Valgio
829 1327 905 1360 Ru-

274 1381 333 1419 fo,
364 1389 489 1427 poeta,
520 1380 669 1415 Horatii
698 1390 734 1414 et
763 1374 904 1416 T'ibulli

272 1435 462 1473 familiari,
493 1434 555 1469 alii
573 1435 745 1469 viderint.
803 1437 905 1470 Prae-

274 1490 418 1526 nomini
437 1491 480 1524 Τ.
506 1502 550 1523 an
575 1490 616 1525 C.
640 1501 715 1524 non
743 1490 903 1524 multum

275 1545 455 1583 tribuam,
494 1545 618 1579 minus
650 1555 769 1579 tamen
799 1557 905 1595 argn-

273 1610 398 1635 mento
410 1598 683 1634 Broukhufiano
703 1600 747 1633 ad
765 1599 903 1635 Tibull.

274 1662 313 1703 4,
346 1669 378 1693 ι,
410 1649 690 1704 180‚—-11egantis
703 1654 902 1701 quidquam

273 1709 433 1746 versibus
463 1710 633 1756 scripturn
663 1722 682 1742 a
702 1711 743 1745 C.
768 1709 899 1759 Valgio

272 1764 410 1802 ostendi
438 1764 547 1812 posse.
631 1764 810 1800 Charisius
840 1763 902 1799 sal-

272 1816 346 1856 tem
374 1819 448 1867 (ap.
470 1819 611 1854 Putsch.
642 1832 676 1866 p.
699 1824 782 1866 34.)
814 1832 901 1854 eun-

271 1875 356 1910 dem
381 1875 533 1923 videtur
564 1873 764 1924 designare,
796 1876 899 1920 cujus

273 1941 310 1965 et
321 1930 563 1980 Epigramma
594 1939 631 1963 et
660 1939 811 1976 etymon
840 1931 902 1963 So-

272 1985 500 2023 maurilium,
544 1983 754 2020 brevissirno
791 1985 902 2019 inter-

271 2040 371 2076 vallo
392 2039 564 2086 nullaque
575 2049 771 2074 memorata
783 2039 902 2074 diver.

272 2097 381 2134 fitate,
402 2094 523 2128 refert.
579 2094 712 2129 Consul
733 2095 900 2129 suffectus

272 2151 390 2185 noster
410 2151 462 2184 M.
476 2147 623 2185 Valerio
646 2148 808 2190 Meffalae
817 2152 902 2184 Bar-

272 2204 358 2240 bato
387 2203 592 2240 Aemiliano
627 2201 774 2238 r'nortuo
805 2204 903 2238 abdi-

273 2260 372 2295 cavit
403 2261 437 2295 se
466 2258 694 2308 magistratu,
726 2261 769 2293 A.
789 2261 835 2293 U.
857 2260 898 2294 C.

275 2322 367 2361 742.
441 2314 781 2360 Interpretationem
814 2314 900 2348 artis

274 2367 538 2419 Apollodoreae
568 2381 587 2402 a
618 2368 750 2419 Valgio
778 2368 901 2403 condi-

274 2434 348 2460 tam
370 2424 455 2459 citat
478 2423 596 2458 noster
620 2433 666 2467 5,
697 2431 742 2467 5,
776 2433 836 2467 17.
865 2433 900 2457 et

274 2479 417 2515 fortass'e
437 2478 543 2513 etiarn
567 2486 605 2520 5,
636 2491 695 2517 10,
727 2483 765 2525 4.
817 2480 900 2512 Pot-

273 2534 439 2570 estenim
461 2532 574 2567 altero
595 2533 675 2568 loco
695 2532 805 2582 ipfius
817 2532 900 2572 Val-

272 2590 328 2640 gii
347 2600 438 2637 opus
461 2587 631 2638 intelligi.
836 2612 846 2619 ,

326 2645 474 2680 Atticus.
541 2642 667 2677 Strabo
699 2641 724 2677 l.
759 2651 820 2684 13.
858 2654 894 2689 p.

271 2697 363 2741 625.
393 2693 699 2746 (Ἀπολλόδωρος)
733 2693 897 2741 μαθητῆν

267 2753 374 2799 ἴσχεν
411 2749 598 2798 οἷξιόλογον
628 2749 798 2789 Διονύσάον
835 2749 895 2787 τδν

960 883 1195 927 ἓπικληθὲντα
1222 881 1268 924 Ἀ
1279 898 1356 922 ττι
1366 899 1388 921 n
1399 881 1415 921 ὃ
1426 899 1442 920 ν
1451 911 1462 931 ,
1489 885 1588 920 πολί-

960 955 1022 982 την
1042 938 1162 976 αὐτοῦ·
1190 938 1254 976 καὶ
1270 937 1338 990 γσὶρ
1366 938 1531 988 σοφιστῆς
1549 933 1587 981 ἦν

960 994 1073 1032 {namh-
1093 994 1156 1032 καὶ
1173 993 1388 1046 συγγραφεῦς
1408 992 1471 1031 καὶ
1489 999 1588 1040 λογο-

959 1048 1103 1102 γράφος.
1141 1054 1262 1087 senec.
1285 1053 1360 1086 Pat.
1380 1063 1416 1099 p.
1437 1053 1480 1087 B.
1498 1061 1586 1100 179.

960 1132 984 1147 „
996 1106 1267 1149 Transeundum
1276 1109 1375 1153 quati
1394 1105 1584 1145 donemus,

959 1187 983 1202 ‚‚
993 1171 1029 1196 et
1067 1161 1238 1209 poffimus
1275 1161 1423 1208 quidem
1469 1161 1586 1196 facero

959 1241 981 1257 „
994 1218 1271 1251 controversum
1284 1240 1294 1253 ‚
1337 1214 1394 1250 sed
1406 1214 1584 1256 'nolimus

959 1290 1048 1311 „—
1074 1271 1194 1306 Attico
1216 1269 1410 1318 Vipsanio,
1436 1271 1585 1318 Apollo-

959 1326 1070 1366 „dori
1087 1324 1272 1372 discipulo,
1294 1324 1471 1373 placuit.“
1508 1327 1584 1361 Ho-

958 1394 1042 1416 rum
1081 1379 1254 1414 alteruter
1296 1379 1526 1431 intelligatur
1565 1393 1584 1414 a

960 1434 1198 1483 Quintiliano,
1226 1435 1360 1469 necess'e
1369 1434 1427 1469 est.
1467 1436 1584 1482 Quem

959 1493 1088 1525 Seneca
1110 1499 1310 1528 memorat,
1338 1488 1435 1523 filius
1455 1489 1502 1524 eft
1528 1491 1584 1527 M.

958 1545 1120 1593 Vipsanii
1130 1545 1322 1594 Agrippae,
1349 1545 1416 1591 qui
1426 1544 1470 1579 Τ.
1481 1547 1586 1578 Pom-

957 1601 1064 1648 ponii
1082 1600 1195 1634 Attici
1213 1599 1325 1634 [iliam
1344 1599 1584 1647 Pomponiam

958 1655 1111 1689 duxerat
1157 1654 1288 1702 primis
1335 1654 1486 1702 nuptiis.
1546 1667 1583 1688 v.

959 1711 1067 1746 Corn.
1096 1711 1190 1756 Nep.
1227 1712 1304 1743 Att.
1338 1722 1368 1743 c.
1396 1719 1456 1743 12.
1514 1708 1585 1743 Sed

951 1763 1182 1799 verifimilius
1195 1788 1205 1802 ,
1233 1764 1453 1810 Dionysium
1473 1765 1581 1799 Grae.

955 1831 1038 1854 cum
1058 1819 1254 1868 delignari,
1291 1830 1382 1865 quae
1403 1818 1450 1852 eft
1469 1819 1580 1854 Nico-

955 1873 1002 1908 lai
1022 1873 1128 1908 Fabri
1148 1869 1320 1908 sententia
1341 1873 1384 1907 ad
1396 1875 1576 1908 Senecam.

956 1931 1077 1964 Senec.
1102 1931 1175 1962 Pat.
1195 1929 1234 1962 in
1245 1929 1406 1963 Suasoria
1421 1938 1455 1963 2.
1476 1941 1512 1976 p.
1530 1940 1577 1975 ¹9

957 1983 1125 2018 meminit
1155 1983 1309 2018 Antonii
1336 1984 1458 2019 AttIci.
1513 1982 1584 2017 Sed

957 2038 1036 2073 aliis
1056 2050 1203 2086 quoque
1214 2038 1284 2072 hoc
1303 2049 1508 2087 cognomen
1530 2038 1584 2071 in-

956 2094 1076 2128 ditum
1096 2093 1180 2131 fuit,
1208 2093 1352 2127 fortnss'e
1372 2093 1479 2126 etiam
1491 2092 1582 2128 Dio·
1632 2103 1639 2109 “

955 2151 1078 2195 nysso,
1111 2148 1226 2183 Attici
1250 2147 1405 2186 liberto,
1430 2159 1582 2196 praece-

954 2204 1059 2251 ptori
1107 2202 1292 2238 Ciceronis
1335 2201 1417 2236 filii‘
1446 2203 1582 2249 (quem

956 2271 1037 2292 cum
1053 2257 1242 2304 Dionysio,
1269 2257 1454 2292 cmx-onis
1474 2259 1580 2292 servo

955 2313 1149 2362 congnndit
1171 2313 1274 2347 Fabr.
1301 2323 1376 2346 non
1395 2312 1580 2361 castigatus

954 2367 998 2402 ab
1012 2367 1148 2414 Horl.)‚
1173 2368 1275 2413 cujus
1298 2365 1580 2412 frequentiffima

953 2423 1094 2456 mentio
1108 2423 1147 2456 in
1160 2434 1240 2469 epp.
1251 2421 1300 2456 »ad
1312 2423 1388 2456 Att.
1420 2420 1498 2456 vid.
1510 2423 1580 2469 Ep.

958 2484 1019 2520 ¹5·
1049 2477 1073 2511 l.
1090 2482 1130 2523 4.
1182 2476 1272 2522 Ejus
1293 2475 1410 2510 filium
1423 2488 1580 2522 comme·

953 2541 1071 2567 morat
1091 2534 1221 2566 Seneca
1238 2540 1340 2578 pater
1359 2543 1393 2578 p.
1413 2532 1458 2566 Β.
1481 2539 1578 2574 105;

950 2599 1060 2634 quem
1091 2596 1209 2621 tamen
1235 2586 1419 2620 diversum
1439 2595 1539 2633 *puto
1560 2598 1580 2620 a

949 2642 1061 2676 nostri
1080 2651 1115 2676 et
1136 2639 1336 2676 Strabonis.

1011 2698 1182 2732 Matium.
1212 2695 1379 2730 Eundem
1398 2693 1497 2729 haud
1514 2693 1580 2729 du-

951 2750 1012 2788 bie
1044 2759 1305 2788 commemorat
1328 2749 1420 2785 Plin.
1449 2750 1496 2784 H.
1525 2748 1575 2785 N.
