1656 2990
489 205 946 250 PRAEFATIO.
1299 218 1389 250 1211

90 312 236 383 'Hae
281 340 460 380 autem
497 331 676 395 quales
719 327 820 378 sint
857 332 1103 395 proprie,
1169 346 1294 379 cum
1340 341 1392 378 et

121 425 421 484 conjectura
449 420 540 470 sua
570 418 727 470 usum
750 418 801 468 se
823 418 1135 486 profiteatur
1155 421 1391 470 Obrech-

115 524 228 572 ωε,
263 510 398 578 ‘ipsa
443 511 664 577 quidem
705 511 872 560 editio
911 512 1185 560 neminem
1219 510 1390 568 docet,

124 613 176 651 et
219 603 315 652 hic.
355 617 572 666 quoque
615 600 824 660 Codex,
876 603 991 667 equi
1030 601 1247 651 videtur
1290 599 1390 650 effe

119 691 572 759 praestantiffimus
598 693 947 757 proximeque
970 692 1036 742 ad
1050 693 1228 742 Turio.
1251 692 1387 741 Ajm.

46 834 49 835 γ
122 782 272 833 Bodl.
318 781 587 840 accedere,
651 793 884 848 expectat
924 799 1132 832 novum
1173 782 1391 834 collato-.-

116 891 266 937 ‘rem,
349 873 445 937 qui
490 869 644 919 facile
685 871 855 937 potest
895 874 945 921 ei
984 874 1292 939 contingere
1332 867 1392 921 iii

115 962 280 1021 urbe,
344 961 440 1010 ubi
486 961 816 1020 Brunckius,
874 962 1391 1028 Schweigheuserus,

122 1051 406 1103 Oberlinus
437 1061 679 1100 tutantur
701 1049 899 1100 nostras
925 1051 1114 1101 literas.
1195 1057 1272 1102 Ex
1299 1055 1393 1101 ali-

94 1136 228 1209 tqua
255 1152 401 1208 parte
430 1140 751 1190 defiderium
778 1141 1022 1191 nostrum
1056 1143 1256 1193 levavit
1283 1142 1391 1193 Ob-

119 1232 333 1283 rechtus
363 1233 711 1299 praemittens.
740 1234 911 1282 textui
955 1232 1222 1291 „indicem
1253 1251 1391 1300 quo-

118 1321 381 1382 „rundam
419 1321 664 1372 locorum
711 1341 847 1388 quos
903 1351 967 1360 ——
1035 1318 1389 1374 emendavit.“

116 1411 232 1479 Ipse
265 1413 325 1462 in
362 1430 446 1472 ea,
509 1430 669 1478 quam
708 1412 821 1462 dixi
851 1409 1080 1480 'epistola
1119 1414 1390 1464 rectiffime

121 1502 276 1554 sentit
309 1501 376 1552 de
413 1504 564 1553 omni
603 1503 707 1553 hoc
740 1505 974 1569 negotio.
1052 1506 1196 1553 Nam
1226 1505 1392 1563 „Vul-

122 1601 312 1654 „nera“
352 1594 423 1643 ait
471 1605 564 1652 „ut
595 1591 763 1642 fanan'
798 1593 848 1642 se
881 1596 1178 1660 patiantur,
1228 1594 1390 1655 cruda

117 1682 271 1745 „sunt
306 1679 572 1733 tractanda
603 1693 654 1731 et
688 1684 877 1743 calluS,
948 1685 1099 1751 quod
1145 1685 1394 1736 obductis

121 1764 290 1834 „male
332 1772 660 1824 cicatricibus
703 1771 819 1822 fieri
855 1772 1011 1833 solet,
1090 1775 1157 1824 ad
1200 1775 1394 1825 vivum

119 1861 476 1926 „resecandus.
556 1866 599 1914 E
632 1864 896 1928 corruptis
927 1874 1066 1912 certe
1104 1866 1235 1914 locis
1268 1866 1392 1915 nul-

76 1990 83 1994 .
124 1954 237 2013 „los
267 1951 479 2002 felicius
511 1954 798 2002 correxerit
835 1955 931 2019 qui
960 1965 1067 2003 arte
1099 1965 1150 2005 et
1184 1953 1391 2017 judicio

126 2043 322 2102 „valet,
359 2059 520 2107 quam
548 2044 642 2107 qui
675 2053 727 2090 et
759 2060 788 2090 a
817 2043 1047 2094 librariis
1077 2044 1391 2110 imperitiffi-

123 2149 242 2191 „me
281 2129 461 2197 scripti
497 2143 549 2180 et
586 2132 648 2180 ab
692 2133 1123 2185 emendatoribus
1164 2152 1264 2202 pro
1298 2135 1391 2184 de-

125 2220 497 2288 „speratiffimis
528 2222 714 2285 abjecti
743 2221 914 2272 sunt.“

50 2402 367 2469 Altenburgi
421 2420 485 2452 ex
533 2402 742 2464 officina
794 2404 1066 2454 Richteria
1119 2419 1276 2469 1773.
1338 2419 1387 2464 3.

127 2494 229 2543 Hic
261 2510 462 2559 ponere
497 2495 666 2545 malui
710 2506 943 2544 curatam
981 2486 1044 2543 ab
1076 2499 1289 2545 Harlete
1326 2498 1387 2545 V.

126 2583 185 2632 C.
260 2584 661 2658 repetitionem!
703 2586 1040 2634 Rollinianae
1115 2588 1389 2653 epitomes,

130 2688 288 2739 quam
313 2671 434 2724 sua‘e
461 2677 678 2744 proprie
700 2676 853 2725 aetati
869 2675 1105 2728 reddere.
1176 2678 1388 2729 Notum
