1656 2990
257 210 462 244 :cxxvux
691 198 1134 245 PRAEFATIO.

363 333 400 366 1,
438 320 480 365 6,
514 324 592 372 44.
630 317 824 360 lavamur
854 345 910 352 0-—
945 323 1174 364 tondemur.
1245 323 1364 364 Adde
1394 325 1445 365 ad
1474 321 1564 366 not.

255 385 353 427 Crux
400 386 575 426 Fortalse
597 394 736 424 tamen
764 401 852 427 non
878 397 964 428 tam
992 391 1098 429 male
1126 392 1250 429 Varro
1279 390 1484 444 perspexit
1509 405 1570 433 ra-

256 454 423 492 tionem
435 452 675 496 locutionis,
710 466 806 492 nam
827 453 915 493 sane
935 469 1031 493 cum
1052 465 1164 495 totus
1188 470 1288 509 aqua
1312 456 1567 511 submerget,

255 520 422 558 nullum
449 519 634 571 corporis
669 521 756 558 mei
791 520 1031 561 membrum
1059 523 1192 569 lavat,
1245 534 1395 563 verum
1426 525 1570 564 omnia

254 583 458 626 lavantur.

363 697 400 732 1,
440 693 481 732 7,
526 693 596 723 10.
618 679 857 740 stgnzfimt.
927 661 1191 725 Etiam'Jens.
1225 688 1316 737 (tac.
1352 685 1496 738 Gesn.)
1526 695 1570 729 et

254 749 381 790 Tarv.
407 750 506 789 dant
521 745 787 808 signficant-

360 861 396 893 1,
435 857 478 898 7,
521 857 591 887 12.
629 840 950 906 vesperuginem.
1020 849 1160 887 Etiam
1188 849 1331 890 Turic.
1359 839 1567 908 vesper-ue-

253 915 449 968 ruginem,
485 923 533 952 ut
555 914 747 953 videatur
769 927 865 953 cum
891 916 971 953 hoc
993 913 1124 954 facere
1147 914 1254 955 Cod.
1276 916 1447 969 Argent.

362 1026 410 1058 1,
450 1022 502 1063 7,
548 1021 619 1061 17.
667 1021 711 1051 et
736 1010 911 1071 similia.
982 1014 1123 1054 Turio.
1166 1012 1309 1054 inserit
1338 1015 1432 1067 his,
1474 1023 1566 1056 11011

252 1079 375 1141 11111111.
423 1077 475 1119 cf.
507 1090 551 1125 2,
595 1091 664 1123 10,
709 1092 778 1130 ¹4·
823 1089 865 1123 2,
910 1090 979 1132 17,
1013 1087 1057 1130 4.
1349 1088 1354 1094 ’

364 1192 400 1223 1,
435 1189 477 1232 7,
523 1185 593 1227 18.
636 1172 928 1235 Aisjllabam.
970 1178 1088 1218 Adde
1111 1178 1157 1217 ad
1182 1188 1273 1218 not.
1290 1178 1386 1220 Cn:
1421 1165 1560 1224 ,‚‘Edd.

251 1252 387 1291 „vett.
420 1250 620 1283 omnes:“
674 1247 789 1294 (exc.
832 1243 937 1282 Jenl'.
984 1256 1086 1297 quae
1126 1245 1314 1286 lacunam
1351 1246 1563 1298 relinquit,

251 1324 336 1364 quo
365 1311 561 1365 fignificat
592 1311 778 1348 librarius
809 1311 854 1350 in
883 1309 953 1348 suo
985 1311 1143 1351 Codice
1170 1311 1284 1350 fniffe
1316 1311 1486 1351 Graecas
1516 1313 1568 1350 li«

251 1386 378 1422 teras,
428 1386 471 1416 et
498 1379 625 1417 Tarv.
665 1389 767 1430 quae
807 1375 984 1429 praefert
1015 1379 1096 1423 Ae,
1152 1378 1266 1431 quod
1291 1378 1347 1418 est
1374 1377 1487 1417 idem
1517 1378 1562 1418 in
1592 1403 1595 1405 Δ

252 1444 422 1493 Turic.)

357 1556 405 1588 1,
443 1551 499 1590 7,
535 1552 611 1593 29.
649 1542 751 1582 haec
770 1555 928 1594 quoque
958 1562 1018 1571 —
1047 1536 1300 1598 excefferint.
1370 1543 1488 1582 Adde
1510 1544 1563 1584 ad

249 1618 340 1650 not.
367 1609 461 1648 Cr.:
483 1656 486 1657 ⁷
508 1608 627 1647 Haec
649 1617 844 1646 neutrum
876 1607 918 1647 h.
952 1607 978 1646 l.
1007 1608 1120 1659 quod
1146 1608 1322 1649 solicitat
1343 1608 1561 1655 Gesnerue,

250 1676 436 1716 firmatur
455 1686 477 1714 a
495 1675 667 1728 gemino
689 1675 802 1726 quod
824 1674 880 1712 est
910 1682 950 1724 5,
986 1674 1028 1718 6,
1065 1675 1142 1714 62.

357 1788 394 1820 1,
424 1784 467 1823 7,
498 1782 573 1824 33.
609 1772 751 1813 Redit.
822 1773 964 1811 Tui-ic.
995 1772 1112 1811 Sedit
1141 1785 1238 1812 cum
1262 1785 1312 1811 ex
1335 1772 1442 1814 Alm.
1466 1772 1562 1814 affe-

247 1849 359 1880 ratur
379 1841 513 1885 Sedec,
549 1840 662 1892 quod
680 1848 721 1879 et
743 1839 844 1885 Obr.
868 1839 1036 1891 recepit,
1076 1852 1127 1877 ex
1147 1839 1244 1893 Arg.
1266 1837 1440 1879 fortass'e.

353 1955 389 1986 1,
427 1947 469 1989 8,
508 1949 550 1979 2.
585 1932 805 1995 plagsmate.
876 1937 1130 1988 Exemplum
1149 1936 1358 1977 affectatae
1378 1937 1491 1977 hunc
1515 1939 1560 1978 in

246 2007 425 2046 modum
439 2005 799 2059 pronunciationis
818 2003 895 2043 effe
914 2005 1092 2048 videtur,
1129 2005 1241 2055 quod
1264 2003 1389 2043 refert
1402 2005 1556 2044 Plutar-

247 2074 349 2112 chus
374 2074 417 2111 in
437 2072 568 2110 Bruto
591 2084 632 2122 p.
655 2082 793 2108 1000.
817 2070 864 2108 A.
904 2070 1033 2108 intrat
1051 2071 1261 2114 conclave,
1293 2083 1376 2122 quo
1396 2069 1433 2109 se
1448 2084 1556 2110 rece-

245 2147 392 2191 perant
410 2137 712 2190 expostulantes
736 2136 888 2174 Brutus
913 2145 952 2174 et
979 2134 1156 2180 Casfius,
1193 2135 1325 2175 homo
1343 2137 1556 2190 singularis

246 2207 436 2244 audaciae
463 2213 504 2243 et
525 2218 553 2243 v
542 2203 742 2242 ecordiae
757 2201 815 2242 M.
838 2203 1045 2242 Favonius
1067 2197 1183 2256 μετ-οὲ
1210 2205 1285 2245 πλ
1297 2196 1328 2244 οἱ
1341 2215 1522 2259 σματο
1534 2216 1559 2251 ς·

245 2268 390 2326 φων
367 2285 422 2318 ης
458 2266 540 2320 ἔπη
567 2269 769 2329 πεξαίνων
796 2265 853 2316 οἷς
875 2259 1175 2329 τὸν1Νέσ-τὸξα
1195 2262 1408 2327 χρώμενον
1418 2263 1555 2328 Ομηρ

244 2351 313 2398 ξος
334 2331 576 2386 ἐπεποιήκει
597 2349 636 2377 κ.
658 2348 698 2377 τ
718 2335 763 2377 λ.

352 2448 390 2478 1,
420 2442 461 2485 8,
496 2444 538 2482 7.
581 2433 648 2472 De
667 2430 905 2471 Menandro
925 2429 1081 2484 loquor.
1152 2430 1344 2470 Debebat
1373 2430 1442 2470 hic
1465 2443 1552 2470 me-

243 2502 409 2544 morari,
449 2499 564 2539 fuiffe
585 2501 713 2538 moris
730 2498 838 2551 apud
859 2506 1043 2541 veteres,
1075 2506 1123 2534 ut
1146 2497 1191 2535 in
1227 2496 1373 2536 scholis
1397 2497 1551 2551 legere·

241 2577 309 2606 tur
334 2567 578 2605 Menander.
624 2564 675 2605 cf.
706 2564 849 2603 Valefii
874 2563 1204 2604 Emendationes
1229 2577 1271 2616 p.
1296 2569 1374 2617 54.
1409 2564 1456 2603 it.
1479 2563 1511 2603 F
1513 2576 1550 2602 a·

239 2634 341 2674 bric.
364 2634 412 2673 Β.
437 2633 488 2673 G.
514 2632 627 2672 Harl.
648 2642 691 2676 Ω,
722 2637 834 2684 455.
