1656 2990
217 795 266 831 ³5
279 793 503 830 enarret:

206 1618 258 1654 ιδ
269 1608 431 1654 turba

283 205 345 268 4⁹2
585 212 659 257 Μ.
702 213 832 259 ΕΑΒ.
878 211 1304 272 QUINTILIANt

282 333 608 390 adhibeatur,
650 344 821 381 tamen
849 336 1210 399 unusquisque
1239 343 1410 383 totum
1433 332 1576 382 feret.

222 410 409 461 ³4N011
444 410 586 456 enim
618 426 723 457 vox
764 410 852 456 illa
890 411 1254 474 praeceptoris,
1311 419 1372 458 ut
1405 425 1578 466 coena,

276 485 452 532 minus
480 485 720 547 pluribus
746 482 951 542 sufficit3
985 484 1072 533 sed.
1101 495 1160 533 ut
1186 482 1289 541 sol,
1326 482 1578 533 universis

275 559 417 606 idem
438 559 568 606 lucis
591 559 876 621 calorisque
899 561 1126 623 largitur.
1208 560 1577 607 Grammaticus

279 650 491 696 quoque
512 633 576 680 de
599 634 796 680 ratione
823 634 1078 696 loquendi
1102 633 1139 680 ss
1169 632 1392 691 differat,
1423 649 1578 698 quae-

277 707 468 755 stiones
501 707 742 771 explicet,
793 706 1028 756 historias
1063 719 1310 773 exponat,
1346 712 1579 772 poemata

553 792 630 831 tot
657 783 745 830 illa
781 781 999 840 discent,
1050 794 1180 847 quot
1211 783 1435 831 audient.
1514 784 1579 831 At

275 858 417 904 enim
458 857 810 905 emendationi
851 860 1289 922 praelectionique
1326 873 1579 907 numerus

275 931 449 979 obstat.
542 934 616 980 Sit
659 933 1056 981 incommodum
1094 934 1248 996 (nam
1291 932 1422 997 quid
1469 931 1578 980 fere

269 1006 512 1070 undique
549 1008 806 1071 placet?)‚
843 1025 965 1055 mox
997 1007 1131 1056 illud
1168 1008 1579 1072 comparabimus

274 1081 575 1131 commodis.
651 1083 766 1129 Nec
786 1098 881 1146 ego
906 1093 1074 1130 tamen
1101 1100 1162 1131 eo
1188 1084 1326 1131 mitti
1352 1098 1579 1146 puerum

271 1157 423 1213 volo,
465 1157 558 1205 ubi
580 1158 881 1221 negligatur.
961 1158 1061 1206 Sed
1080 1175 1250 1222 neque
1277 1167 1640 1222 praeceptor-29

270 1231 442 1280 bonus
478 1236 670 1292 majore
712 1230 763 1278 se
804 1234 976 1289 turba,
1031 1250 1186 1297 quam
1228 1243 1288 1280 ut
1331 1229 1578 1280 sustinere

271 1323 383 1354 eam
404 1307 569 1371 ponit,
606 1310 926 1356 oneraverit:
969 1318 1018 1354 et
1040 1307 1280 1372 inprimis
1305 1323 1362 1354 ea
1385 1307 1578 1354 haben-

270 1381 335 1428 da
360 1399 482 1430 ema
505 1381 600 1439 est,
638 1392 696 1431 ut
716 1383 759 1429 is
782 1385 927 1430 omni
949 1382 1108 1431 modo
1139 1380 1224 1430 fiat
1246 1382 1397 1430 nobis
1427 1379 1577 1429 fami-

268 1457 843 1505 11211te1ami011s211e0
865 1457 1133 1506 officium
1119 1475 1175 1504 111
1201 1456 1439 1506 docendo
1464 1454 1575 1520 spe-

269 1541 391 1588 ctet,
433 1531 522 1579 sed
553 1529 806 1579 affectum.
857 1534 927 1579 ita
968 1550 1240 1596 nunquam
1280 1533 1473 1579 erimus
1515 1532 1575 1578 in

522 1609 636 1654 Nee
676 1606 792 1654 sane
837 1609 1138 1671 quisquam,
1191 1608 1353 1654 literis
1397 1605 1574 1653 saltem

267 1682 453 1729 leviter
484 1683 742 1738 imbutus,
780 1700 928 1740 eum,
965 1685 1022 1730 in
1044 1701 1150 1746 quo
1176 1681 1406 1729 studium
1427 1682 1573 1744 inge-

265 1758 523 1820 mumque
565 1757 902 1821 perspexerit,
951 1775 1062 1806 non
1096 1759 1153 1804 in
1186 1756 1328 1804 [uam
1359 1772 1571 1820 quoque

265 1833 486 1895 gloriam
513 1833 840 1896 peculiariter
868 1831 1081 1881 fovebit.
1156 1830 1255 1880 Sed
1277 1840 1337 1879 ut
1364 1828 1571 1894 fugien-

264 1906 359 1954 dae
383 1907 480 1954 fint
501 1924 714 1972 magnae
742 1907 966 1965 scholae,
1004 1909 1025 1970 (
1038 1909 1124 1956 cui
1149 1923 1215 1954 ne
1238 1903 1333 1971 ipsi
1355 1904 1570 1970 quidem

316 2067 475 2116 historias
506 2081 686 2118 exponat,
723 2076 889 2117 pooemaea
998 2071 1291 2117 praelectionique
1320 2060 1572 2104 numerus'ob-

261 2135 408 2159 enarret.
479 2126 648 2173 Exponat
694 2124 798 2173 plane
843 2124 888 2158 est
935 2123 1024 2173 fiat.
1083 2126 1170 2161 Non
1190 2124 1305 2159 statim
1327 2133 1483 2173 apparet,
1504 2123 1572 2170 qui

259 2179 360 2226 quod
388 2191 526 2218 narret,
556 2182 602 2214 fic
622 2186 668 2226 4,
694 2190 715 2214 2
740 2179 889 2227 saepiffi·
942 2181 1169 2226 praelectiOni
1216 2191 1390 2212 numerus
1437 2177 1569 2217 obstet.

260 2245 320 2266 :me
358 2235 475 2268 variat
514 2235 716 2269 orationem
751 2234 887 2272 noster,
943 2247 1026 2268 cum
1056 2248 1129 2269 vox
1153 2234 1217 2269 illa
1241 2233 1289 2267 ud
1311 2245 1427 2268 onmes
1447 2232 1570 2267 videa-

260 2287 372 2322 modo
413 2289 667 2338 expositionem
695 2289 887 2338 appellans,

259 2342 371 2376 modo
418 2347 672 2384 narran'011en1.;
720 2358 764 2379 ne
804 2343 886 2390 quis

258 2397 344 2432 falso
365 2397 409 2431 de
433 2401 714 2446 interpretatione
740 2399 885 2449 cogitet.

260 2454 407 2487 Eam-rec
444 2465 564 2489 autem
603 2455 792 2503 fignificat:
838 2457 886 2487 ιἠ-

259 2517 478 2553 terpretetur.
547 2508 775 2558 Quaestiones
804 2510 886 2544 sunt

258 2574 336 2600 res,
389 2563 433 2598 de
479 2563 613 2610 quibus
659 2565 886 2599 Grammatici

258 2628 391 2652 certant
430 2629 465 2654 et
503 2619 617 2653 adhuc
652 2618 723 2669 sub
767 2620 886 2664 judica

259 2672 301 2708 tis
334 2671 396 2721 efi-

943 2298 1005 2323 tur
1037 2288 1197 2337 perferri.
1253 2287 1321 2322 Sed
1344 2286 1570 2338 intelligitur

943 2344 1023 2378 talis
1063 2344 1273 2390 praelectio,
1310 2354 1381 2389 qna
1417 2340 1567 2391 lingulis

941 2399 1063 2446 pueris
1076 2425 1086 2437 ,
1115 2410 1205 2445 quae
1225 2398 1289 2444 ipsi
1310 2398 1389 2431 [unt
1407 2407 1570 2445 pronun-

941 2453 1094 2491 ciaturi,
1147 2451 1340 2501 diligenter
1395 2461 1570 2500 praeeunt

941 2508 1120 2558 magistri,
1150 2506 1246 2554 quod
1280 2507 1356 2542 sane
1383 2508 1452 2542 vix
1476 2506 1567 2540 duo·

940 2563 1007 2598 bus
1032 2561 1137 2596 simul
1170 2560 1283 2609 potest
1302 2562 1479 2610 praestari.
1520 2561 1566 2597 cf.

941 2619 972 2662 ᾗ.
1003 2627 1062 2652 12.
1085 2618 1188 2652 lect1'o
1219 2634 1270 2644 --·
1298 2627 1484 2664 praeeunte
1512 2634 1568 2647 ··-

942 2683 1033 2722 eget.
1063 2672 1142 2708 vid.
1163 2672 1272 2708 etiam
1297 2683 1333 2712 2,
1355 2680 1390 2716 5,
1414 2681 1450 2716 5.
1471 2677 1511 2719 4.
