<?xml version="1.0" encoding="UTF-8"?>
<!DOCTYPE html PUBLIC "-//W3C//DTD XHTML 1.0 Transitional//EN"
    "http://www.w3.org/TR/xhtml1/DTD/xhtml1-transitional.dtd">
<html xmlns="http://www.w3.org/1999/xhtml" xml:lang="en" lang="en">
 <head>
  <title>
</title>
<meta http-equiv="Content-Type" content="text/html;charset=utf-8" />
  <meta name='ocr-system' content='tesseract 3.04.00' />
  <meta name='ocr-capabilities' content='ocr_page ocr_carea ocr_par ocr_line ocrx_word'/>
</head>
<body>
  <div class='ocr_page' id='page_1' title='image "./deinstitutioneor01quinuoft_0604.png"; bbox 0 0 1656 2990; ppageno 0'>
   <div class='ocr_carea' id='block_1_1' title="bbox 292 188 1289 270">
    <p class='ocr_par' dir='ltr' id='par_1_1' title="bbox 292 188 1289 270">
     <span class='ocr_line' id='line_1_1' title="bbox 292 188 1289 270; baseline 0.001 -15"><span class='ocrx_word' id='word_1_1' title='bbox 292 219 318 263; x_wconf 83' lang='lat'><em>5</em></span> <span class='ocrx_word' id='word_1_2' title='bbox 332 223 391 255; x_wconf 74' lang='grc' dir='ltr'>ιο</span> <span class='ocrx_word' id='word_1_3' title='bbox 602 211 676 255; x_wconf 85' lang='grc' dir='ltr'>Μ.</span> <span class='ocrx_word' id='word_1_4' title='bbox 709 210 842 255; x_wconf 85' lang='lat' dir='ltr'><strong>FAB.</strong></span> <span class='ocrx_word' id='word_1_5' title='bbox 881 188 1289 270; x_wconf 64' lang='lat' dir='ltr'>oum-‘numi</span> 
     </span>
    </p>
   </div>
   <div class='ocr_carea' id='block_1_2' title="bbox 229 327 1599 623">
    <p class='ocr_par' dir='ltr' id='par_1_2' title="bbox 229 327 1599 623">
     <span class='ocr_line' id='line_1_2' title="bbox 229 327 1599 404; baseline 0.001 -22"><span class='ocrx_word' id='word_1_6' title='bbox 229 343 283 384; x_wconf 78' lang='lat'>47</span> <span class='ocrx_word' id='word_1_7' title='bbox 293 333 468 396; x_wconf 84' lang='lat' dir='ltr'>potius</span> <span class='ocrx_word' id='word_1_8' title='bbox 503 327 819 399; x_wconf 76' lang='lat' dir='ltr'>quaestiones</span> <span class='ocrx_word' id='word_1_9' title='bbox 855 341 936 381; x_wconf 88' lang='lat' dir='ltr'>ea&#39;s</span> <span class='ocrx_word' id='word_1_10' title='bbox 976 333 1082 381; x_wconf 81' lang='lat' dir='ltr'>dici</span> <span class='ocrx_word' id='word_1_11' title='bbox 1120 333 1387 397; x_wconf 72' lang='lat' dir='ltr'><strong>placuerit.</strong></span> <span class='ocrx_word' id='word_1_12' title='bbox 1442 340 1599 404; x_wconf 28' lang='grc' dir='ltr'>,φαα-</span> 
     </span>
     <span class='ocr_line' id='line_1_3' title="bbox 291 406 1598 477; baseline 0.004 -23"><span class='ocrx_word' id='word_1_13' title='bbox 291 418 414 456; x_wconf 77' lang='lat' dir='ltr'>tuor</span> <span class='ocrx_word' id='word_1_14' title='bbox 436 406 560 454; x_wconf 82' lang='lat' dir='ltr'>fecit</span> <span class='ocrx_word' id='word_1_15' title='bbox 587 408 908 466; x_wconf 86' lang='lat' dir='ltr'><strong>Athenaeus,</strong></span> <span class='ocrx_word' id='word_1_16' title='bbox 945 409 1258 477; x_wconf 62' lang='grc' dir='ltr'>προτξεπτικῆν</span> <span class='ocrx_word' id='word_1_17' title='bbox 1287 409 1469 466; x_wconf 67' lang='grc' dir='ltr'>στάσιν,</span> <span class='ocrx_word' id='word_1_18' title='bbox 1509 413 1598 459; x_wconf 79' lang='lat' dir='ltr'>vel</span> 
     </span>
     <span class='ocr_line' id='line_1_4' title="bbox 290 483 1598 551; baseline 0.002 -19"><span class='ocrx_word' id='word_1_19' title='bbox 290 483 626 551; x_wconf 60' lang='grc' dir='ltr'>παρορμητικὴν,</span> <span class='ocrx_word' id='word_1_20' title='bbox 673 483 731 530; x_wconf 82' lang='lat' dir='ltr'>id</span> <span class='ocrx_word' id='word_1_21' title='bbox 774 483 845 531; x_wconf 87' lang='lat' dir='ltr'>est</span> <span class='ocrx_word' id='word_1_22' title='bbox 884 486 1287 540; x_wconf 56' lang='lat' dir='ltr'>exhortativum·</span> <span class='ocrx_word' id='word_1_23' title='bbox 1315 485 1410 548; x_wconf 88' lang='lat' dir='ltr'>qui</span> <span class='ocrx_word' id='word_1_24' title='bbox 1430 483 1598 534; x_wconf 79' lang='lat' dir='ltr'>suaso·</span> 
     </span>
     <span class='ocr_line' id='line_1_5' title="bbox 288 558 1598 623; baseline 0.002 -18"><span class='ocrx_word' id='word_1_25' title='bbox 288 560 394 605; x_wconf 82' lang='lat' dir='ltr'>riae</span> <span class='ocrx_word' id='word_1_26' title='bbox 423 558 496 605; x_wconf 86' lang='lat' dir='ltr'>est</span> <span class='ocrx_word' id='word_1_27' title='bbox 529 560 799 623; x_wconf 74' lang='lat' dir='ltr'>proprius3</span> <span class='ocrx_word' id='word_1_28' title='bbox 829 563 1105 620; x_wconf 59' lang='lat' dir='ltr'>cvwrsmmiv,</span> <span class='ocrx_word' id='word_1_29' title='bbox 1143 576 1247 623; x_wconf 84' lang='lat' dir='ltr'>qua</span> <span class='ocrx_word' id='word_1_30' title='bbox 1268 559 1598 623; x_wconf 77' lang='lat' dir='ltr'>conjecturam</span> 
     </span>
    </p>
   </div>
   <div class='ocr_carea' id='block_1_3' title="bbox 246 698 1638 2403">
    <p class='ocr_par' dir='ltr' id='par_1_3' title="bbox 246 698 1638 2403">
     <span class='ocr_line' id='line_1_6' title="bbox 286 698 1599 746; baseline 0.002 -12"><span class='ocrx_word' id='word_1_31' title='bbox 286 698 401 734; x_wconf 86' lang='lat' dir='ltr'>Goth.</span> <span class='ocrx_word' id='word_1_32' title='bbox 431 713 510 735; x_wconf 84' lang='lat' dir='ltr'>cum</span> <span class='ocrx_word' id='word_1_33' title='bbox 540 700 742 739; x_wconf 83' lang='lat' dir='ltr'>omittunt,</span> <span class='ocrx_word' id='word_1_34' title='bbox 784 700 840 736; x_wconf 82' lang='lat' dir='ltr'>sed</span> <span class='ocrx_word' id='word_1_35' title='bbox 867 699 954 734; x_wconf 81' lang='lat' dir='ltr'>dant</span> <span class='ocrx_word' id='word_1_36' title='bbox 973 699 1144 746; x_wconf 80' lang='lat' dir='ltr'><strong><em>placuerit</em></strong></span> <span class='ocrx_word' id='word_1_37' title='bbox 1173 713 1256 735; x_wconf 88' lang='lat' dir='ltr'>cum</span> <span class='ocrx_word' id='word_1_38' title='bbox 1280 700 1362 740; x_wconf 75' lang='lat' dir='ltr'>edd.</span> <span class='ocrx_word' id='word_1_39' title='bbox 1380 701 1474 739; x_wconf 81' lang='lat' dir='ltr'>Jens.</span> <span class='ocrx_word' id='word_1_40' title='bbox 1505 702 1599 743; x_wconf 81' lang='lat' dir='ltr'>(tac.</span> 
     </span>
     <span class='ocr_line' id='line_1_7' title="bbox 287 755 1599 802; baseline 0 -12"><span class='ocrx_word' id='word_1_41' title='bbox 287 755 422 798; x_wconf 83' lang='lat' dir='ltr'>Gesn.)</span> <span class='ocrx_word' id='word_1_42' title='bbox 458 765 495 789; x_wconf 89' lang='lat' dir='ltr'>et</span> <span class='ocrx_word' id='word_1_43' title='bbox 525 765 616 790; x_wconf 84' lang='lat' dir='ltr'>vett.</span> <span class='ocrx_word' id='word_1_44' title='bbox 644 766 726 790; x_wconf 83' lang='lat' dir='ltr'>ante</span> <span class='ocrx_word' id='word_1_45' title='bbox 754 755 920 794; x_wconf 61' lang='lat' dir='ltr'>Cei-vic„</span> <span class='ocrx_word' id='word_1_46' title='bbox 958 765 1107 802; x_wconf 84' lang='lat' dir='ltr'>excepto</span> <span class='ocrx_word' id='word_1_47' title='bbox 1138 755 1245 790; x_wconf 86' lang='lat' dir='ltr'>Aldo.</span> <span class='ocrx_word' id='word_1_48' title='bbox 1302 756 1374 791; x_wconf 86' lang='lat' dir='ltr'>Hic</span> <span class='ocrx_word' id='word_1_49' title='bbox 1401 767 1484 790; x_wconf 89' lang='lat' dir='ltr'>cum</span> <span class='ocrx_word' id='word_1_50' title='bbox 1515 755 1599 790; x_wconf 83' lang='lat' dir='ltr'>reli·</span> 
     </span>
     <span class='ocr_line' id='line_1_8' title="bbox 285 809 1599 858; baseline 0 -14"><span class='ocrx_word' id='word_1_51' title='bbox 285 812 369 857; x_wconf 86' lang='lat' dir='ltr'>quis</span> <span class='ocrx_word' id='word_1_52' title='bbox 399 810 568 845; x_wconf 86' lang='lat' dir='ltr'>omnibus</span> <span class='ocrx_word' id='word_1_53' title='bbox 597 812 754 858; x_wconf 83' lang='lat' dir='ltr'>praefert</span> <span class='ocrx_word' id='word_1_54' title='bbox 781 813 937 858; x_wconf 81' lang='lat' dir='ltr'><em>placuit,</em></span> <span class='ocrx_word' id='word_1_55' title='bbox 970 812 1042 844; x_wconf 82' lang='lat' dir='ltr'>fine</span> <span class='ocrx_word' id='word_1_56' title='bbox 1065 824 1152 845; x_wconf 79' lang='lat' dir='ltr'>cum.</span> <span class='ocrx_word' id='word_1_57' title='bbox 1216 811 1411 846; x_wconf 83' lang='lat' dir='ltr'>Rationem</span> <span class='ocrx_word' id='word_1_58' title='bbox 1436 809 1599 846; x_wconf 80' lang='lat' dir='ltr'>Gothani</span> 
     </span>
     <span class='ocr_line' id='line_1_9' title="bbox 286 866 1600 914; baseline 0 -15"><span class='ocrx_word' id='word_1_59' title='bbox 286 877 363 899; x_wconf 87' lang='lat' dir='ltr'>non</span> <span class='ocrx_word' id='word_1_60' title='bbox 383 866 568 914; x_wconf 78' lang='lat' dir='ltr'>improbat</span> <span class='ocrx_word' id='word_1_61' title='bbox 592 868 695 902; x_wconf 86' lang='lat' dir='ltr'>Gesn.</span> <span class='ocrx_word' id='word_1_62' title='bbox 720 867 785 913; x_wconf 87' lang='lat' dir='ltr'>qui</span> <span class='ocrx_word' id='word_1_63' title='bbox 802 866 952 901; x_wconf 81' lang='lat' dir='ltr'>videtur</span> <span class='ocrx_word' id='word_1_64' title='bbox 974 866 1142 912; x_wconf 81' lang='lat' dir='ltr'>accepiss&#39;e</span> <span class='ocrx_word' id='word_1_65' title='bbox 1166 866 1329 913; x_wconf 60' lang='lat' dir='ltr'>optativi,</span> <span class='ocrx_word' id='word_1_66' title='bbox 1345 866 1471 901; x_wconf 85' lang='lat' dir='ltr'>Graeci</span> <span class='ocrx_word' id='word_1_67' title='bbox 1498 875 1600 914; x_wconf 83' lang='lat' dir='ltr'>pote-</span> 
     </span>
     <span class='ocr_line' id='line_1_10' title="bbox 286 920 1594 971; baseline 0 -16"><span class='ocrx_word' id='word_1_68' title='bbox 286 921 391 959; x_wconf 79' lang='lat' dir='ltr'>state,</span> <span class='ocrx_word' id='word_1_69' title='bbox 441 921 609 971; x_wconf 82' lang='lat' dir='ltr'>ablegans</span> <span class='ocrx_word' id='word_1_70' title='bbox 637 922 682 955; x_wconf 85' lang='lat' dir='ltr'>ad</span> <span class='ocrx_word' id='word_1_71' title='bbox 708 923 738 965; x_wconf 53' lang='grc' dir='ltr'>ᾗ.</span> <span class='ocrx_word' id='word_1_72' title='bbox 771 930 836 965; x_wconf 84' lang='lat'>51.</span> <span class='ocrx_word' id='word_1_73' title='bbox 881 920 950 955; x_wconf 81' lang='lat' dir='ltr'>Sed</span> <span class='ocrx_word' id='word_1_74' title='bbox 979 920 1142 955; x_wconf 85' lang='lat' dir='ltr'>obvertit</span> <span class='ocrx_word' id='word_1_75' title='bbox 1173 921 1239 956; x_wconf 80' lang='lat' dir='ltr'>fibi</span> <span class='ocrx_word' id='word_1_76' title='bbox 1267 922 1340 968; x_wconf 82' lang='lat' dir='ltr'>ipse</span> <span class='ocrx_word' id='word_1_77' title='bbox 1378 921 1408 965; x_wconf 55' lang='grc' dir='ltr'>ᾖ.</span> <span class='ocrx_word' id='word_1_78' title='bbox 1439 927 1594 968; x_wconf 75' lang='grc' dir='ltr'>54ηιαηι.</span> 
     </span>
     <span class='ocr_line' id='line_1_11' title="bbox 284 976 1597 1024; baseline 0 -14"><span class='ocrx_word' id='word_1_79' title='bbox 284 979 443 1024; x_wconf 85' lang='lat' dir='ltr'>Recepta</span> <span class='ocrx_word' id='word_1_80' title='bbox 464 977 713 1012; x_wconf 82' lang='lat' dir='ltr'>recentiorum</span> <span class='ocrx_word' id='word_1_81' title='bbox 734 977 776 1010; x_wconf 81' lang='lat' dir='ltr'>ad</span> <span class='ocrx_word' id='word_1_82' title='bbox 798 976 1007 1011; x_wconf 80' lang='lat' dir='ltr'>sententiam</span> <span class='ocrx_word' id='word_1_83' title='bbox 1038 988 1104 1024; x_wconf 79' lang='lat' dir='ltr'>par</span> <span class='ocrx_word' id='word_1_84' title='bbox 1130 976 1177 1010; x_wconf 84' lang='lat' dir='ltr'>est</span> <span class='ocrx_word' id='word_1_85' title='bbox 1203 976 1360 1015; x_wconf 78' lang='lat' dir='ltr'>nostrae,</span> <span class='ocrx_word' id='word_1_86' title='bbox 1381 976 1445 1010; x_wconf 73' lang='lat' dir='ltr'>&#39;ad</span> <span class='ocrx_word' id='word_1_87' title='bbox 1465 976 1597 1010; x_wconf 82' lang='lat' dir='ltr'>verita·</span> 
     </span>
     <span class='ocr_line' id='line_1_12' title="bbox 284 1027 1595 1080; baseline 0 -15"><span class='ocrx_word' id='word_1_88' title='bbox 284 1041 359 1065; x_wconf 88' lang='lat' dir='ltr'>tem</span> <span class='ocrx_word' id='word_1_89' title='bbox 394 1033 557 1066; x_wconf 84' lang='lat' dir='ltr'>criticam</span> <span class='ocrx_word' id='word_1_90' title='bbox 596 1033 714 1066; x_wconf 83' lang='lat' dir='ltr'>eidem</span> <span class='ocrx_word' id='word_1_91' title='bbox 754 1031 860 1067; x_wconf 81' lang='lat' dir='ltr'><strong>cedit.</strong></span> <span class='ocrx_word' id='word_1_92' title='bbox 1125 1027 1484 1080; x_wconf 65' lang='grc' dir='ltr'>παρορμητικῆν.</span> <span class='ocrx_word' id='word_1_93' title='bbox 1539 1034 1595 1065; x_wconf 72' lang='lat' dir='ltr'>Ita</span> 
     </span>
     <span class='ocr_line' id='line_1_13' title="bbox 284 1085 1598 1136; baseline -0.002 -14"><span class='ocrx_word' id='word_1_94' title='bbox 284 1086 407 1122; x_wconf 83' lang='lat' dir='ltr'>Guelf.</span> <span class='ocrx_word' id='word_1_95' title='bbox 433 1098 469 1122; x_wconf 84' lang='lat' dir='ltr'>et</span> <span class='ocrx_word' id='word_1_96' title='bbox 489 1088 613 1123; x_wconf 75' lang='lat' dir='ltr'>Tui-ic.</span> <span class='ocrx_word' id='word_1_97' title='bbox 633 1100 839 1135; x_wconf 81' lang='lat' dir='ltr'>quanquam</span> <span class='ocrx_word' id='word_1_98' title='bbox 859 1086 935 1122; x_wconf 90' lang='lat' dir='ltr'>latt.</span> <span class='ocrx_word' id='word_1_99' title='bbox 957 1085 1031 1121; x_wconf 86' lang='lat' dir='ltr'>litt.</span> <span class='ocrx_word' id='word_1_100' title='bbox 1061 1086 1174 1122; x_wconf 87' lang='lat' dir='ltr'>Goth.</span> <span class='ocrx_word' id='word_1_101' title='bbox 1193 1096 1230 1120; x_wconf 88' lang='lat' dir='ltr'>et</span> <span class='ocrx_word' id='word_1_102' title='bbox 1246 1088 1355 1121; x_wconf 88' lang='lat' dir='ltr'>Bern.</span> <span class='ocrx_word' id='word_1_103' title='bbox 1378 1086 1474 1120; x_wconf 87' lang='lat' dir='ltr'>idem</span> <span class='ocrx_word' id='word_1_104' title='bbox 1496 1098 1598 1136; x_wconf 82' lang='lat' dir='ltr'>grae·</span> 
     </span>
     <span class='ocr_line' id='line_1_14' title="bbox 283 1141 1596 1192; baseline -0.001 -16"><span class='ocrx_word' id='word_1_105' title='bbox 283 1142 346 1176; x_wconf 83' lang='lat' dir='ltr'>cis.</span> <span class='ocrx_word' id='word_1_106' title='bbox 392 1143 487 1180; x_wconf 80' lang='lat' dir='ltr'>Jens.</span> <span class='ocrx_word' id='word_1_107' title='bbox 515 1146 609 1187; x_wconf 86' lang='lat' dir='ltr'>(tac.</span> <span class='ocrx_word' id='word_1_108' title='bbox 644 1144 778 1190; x_wconf 84' lang='lat' dir='ltr'>Gesn.)</span> <span class='ocrx_word' id='word_1_109' title='bbox 801 1144 1051 1190; x_wconf 75' lang='lat' dir='ltr'>parmethycen</span> <span class='ocrx_word' id='word_1_110' title='bbox 1076 1141 1094 1186; x_wconf 91' lang='lat'><strong><em>(</em></strong></span> <span class='ocrx_word' id='word_1_111' title='bbox 1104 1151 1283 1189; x_wconf 82' lang='lat' dir='ltr'>qnantum</span> <span class='ocrx_word' id='word_1_112' title='bbox 1304 1143 1490 1192; x_wconf 80' lang='lat' dir='ltr'>agnoscere</span> <span class='ocrx_word' id='word_1_113' title='bbox 1517 1142 1596 1189; x_wconf 84' lang='lat' dir='ltr'>pos-</span> 
     </span>
     <span class='ocr_line' id='line_1_15' title="bbox 282 1195 1595 1245; baseline -0.001 -14"><span class='ocrx_word' id='word_1_114' title='bbox 282 1199 360 1232; x_wconf 80' lang='lat' dir='ltr'>sum</span> <span class='ocrx_word' id='word_1_115' title='bbox 381 1211 466 1245; x_wconf 82' lang='lat' dir='ltr'>prae</span> <span class='ocrx_word' id='word_1_116' title='bbox 488 1198 711 1233; x_wconf 77' lang='lat' dir='ltr'>correctione</span> <span class='ocrx_word' id='word_1_117' title='bbox 730 1199 827 1244; x_wconf 83' lang='lat' dir='ltr'>ejus,</span> <span class='ocrx_word' id='word_1_118' title='bbox 861 1198 927 1244; x_wconf 85' lang='lat' dir='ltr'>qui</span> <span class='ocrx_word' id='word_1_119' title='bbox 946 1198 983 1230; x_wconf 90' lang='lat' dir='ltr'>in</span> <span class='ocrx_word' id='word_1_120' title='bbox 1009 1195 1198 1244; x_wconf 83' lang='lat' dir='ltr'>exemplo,</span> <span class='ocrx_word' id='word_1_121' title='bbox 1225 1196 1324 1243; x_wconf 88' lang='lat' dir='ltr'>quod</span> <span class='ocrx_word' id='word_1_122' title='bbox 1347 1206 1482 1234; x_wconf 87' lang='lat' dir='ltr'>tracto,</span> <span class='ocrx_word' id='word_1_123' title='bbox 1513 1197 1595 1230; x_wconf 75' lang='lat' dir='ltr'>effe-</span> 
     </span>
     <span class='ocr_line' id='line_1_16' title="bbox 281 1251 1594 1299; baseline 0 -13"><span class='ocrx_word' id='word_1_124' title='bbox 281 1253 332 1286; x_wconf 89' lang='lat' dir='ltr'>cit</span> <span class='ocrx_word' id='word_1_125' title='bbox 352 1255 631 1299; x_wconf 78' lang='lat' dir='ltr'>parormeticen)</span> <span class='ocrx_word' id='word_1_126' title='bbox 662 1265 745 1287; x_wconf 87' lang='lat' dir='ltr'>curn</span> <span class='ocrx_word' id='word_1_127' title='bbox 763 1255 851 1288; x_wconf 81' lang='lat' dir='ltr'>Loc.</span> <span class='ocrx_word' id='word_1_128' title='bbox 874 1262 909 1286; x_wconf 85' lang='lat' dir='ltr'>et</span> <span class='ocrx_word' id='word_1_129' title='bbox 927 1253 1030 1286; x_wconf 81' lang='lat' dir='ltr'>Rufe.</span> <span class='ocrx_word' id='word_1_130' title='bbox 1059 1265 1104 1286; x_wconf 88' lang='lat' dir='ltr'>ex</span> <span class='ocrx_word' id='word_1_131' title='bbox 1131 1263 1206 1298; x_wconf 85' lang='lat' dir='ltr'>qno</span> <span class='ocrx_word' id='word_1_132' title='bbox 1227 1251 1384 1287; x_wconf 82' lang='lat' dir='ltr'>monstro</span> <span class='ocrx_word' id='word_1_133' title='bbox 1402 1251 1594 1286; x_wconf 82' lang='lat' dir='ltr'>rectiffime</span> 
     </span>
     <span class='ocr_line' id='line_1_17' title="bbox 281 1307 1592 1357; baseline -0.001 -16"><span class='ocrx_word' id='word_1_134' title='bbox 281 1309 378 1342; x_wconf 85' lang='lat' dir='ltr'>eruit</span> <span class='ocrx_word' id='word_1_135' title='bbox 397 1308 535 1357; x_wconf 75' lang='lat' dir='ltr'>Regius</span> <span class='ocrx_word' id='word_1_136' title='bbox 557 1310 817 1355; x_wconf 77' lang='lat' dir='ltr'>paromneticen.</span> <span class='ocrx_word' id='word_1_137' title='bbox 873 1309 984 1342; x_wconf 79' lang='lat' dir='ltr'>Tarv.</span> <span class='ocrx_word' id='word_1_138' title='bbox 1015 1307 1076 1350; x_wconf 87' lang='lat' dir='ltr'>(cf.</span> <span class='ocrx_word' id='word_1_139' title='bbox 1095 1307 1139 1340; x_wconf 78' lang='lat' dir='ltr'>ad</span> <span class='ocrx_word' id='word_1_140' title='bbox 1160 1316 1196 1349; x_wconf 81' lang='grc'>5,</span> <span class='ocrx_word' id='word_1_141' title='bbox 1229 1315 1266 1349; x_wconf 83' lang='lat'>5,</span> <span class='ocrx_word' id='word_1_142' title='bbox 1294 1316 1340 1340; x_wconf 85' lang='lat'>12</span> <span class='ocrx_word' id='word_1_143' title='bbox 1363 1308 1526 1354; x_wconf 80' lang='lat' dir='ltr'>propria)</span> <span class='ocrx_word' id='word_1_144' title='bbox 1555 1316 1592 1340; x_wconf 85' lang='lat' dir='ltr'>et</span> 
     </span>
     <span class='ocr_line' id='line_1_18' title="bbox 279 1358 1591 1411; baseline -0.002 -15"><span class='ocrx_word' id='word_1_145' title='bbox 279 1364 410 1400; x_wconf 78' lang='lat' dir='ltr'>Vener.</span> <span class='ocrx_word' id='word_1_146' title='bbox 431 1376 514 1397; x_wconf 88' lang='lat' dir='ltr'>cum</span> <span class='ocrx_word' id='word_1_147' title='bbox 533 1362 795 1397; x_wconf 79' lang='lat' dir='ltr'>recentioribus</span> <span class='ocrx_word' id='word_1_148' title='bbox 818 1362 988 1396; x_wconf 87' lang='lat' dir='ltr'>omnibus</span> <span class='ocrx_word' id='word_1_149' title='bbox 1010 1358 1261 1410; x_wconf 68' lang='grc' dir='ltr'>παραινετικῆν,</span> <span class='ocrx_word' id='word_1_150' title='bbox 1315 1364 1348 1397; x_wconf 88' lang='lat' dir='ltr'>A</span> <span class='ocrx_word' id='word_1_151' title='bbox 1376 1361 1591 1411; x_wconf 80' lang='lat' dir='ltr'>corrigendo</span> 
     </span>
     <span class='ocr_line' id='line_1_19' title="bbox 278 1415 1593 1465; baseline -0.002 -14"><span class='ocrx_word' id='word_1_152' title='bbox 278 1430 340 1452; x_wconf 83' lang='lat' dir='ltr'>me</span> <span class='ocrx_word' id='word_1_153' title='bbox 358 1430 471 1465; x_wconf 81' lang='lat' dir='ltr'>paene</span> <span class='ocrx_word' id='word_1_154' title='bbox 490 1417 680 1452; x_wconf 68' lang='lat' dir='ltr'>absterruit</span> <span class='ocrx_word' id='word_1_155' title='bbox 703 1417 854 1452; x_wconf 85' lang='lat' dir='ltr'>Gibsoni</span> <span class='ocrx_word' id='word_1_156' title='bbox 883 1417 927 1451; x_wconf 85' lang='lat' dir='ltr'>de</span> <span class='ocrx_word' id='word_1_157' title='bbox 955 1418 1026 1452; x_wconf 85' lang='lat' dir='ltr'>suis</span> <span class='ocrx_word' id='word_1_158' title='bbox 1047 1417 1162 1451; x_wconf 88' lang='lat' dir='ltr'>Codd.</span> <span class='ocrx_word' id='word_1_159' title='bbox 1183 1416 1387 1454; x_wconf 85' lang='lat' dir='ltr'>lilentium,</span> <span class='ocrx_word' id='word_1_160' title='bbox 1423 1415 1522 1463; x_wconf 84' lang='lat' dir='ltr'>qu&#39;od</span> <span class='ocrx_word' id='word_1_161' title='bbox 1543 1426 1593 1450; x_wconf 79' lang='lat' dir='ltr'>ta-</span> 
     </span>
     <span class='ocr_line' id='line_1_20' title="bbox 278 1470 1594 1522; baseline 0 -16"><span class='ocrx_word' id='word_1_162' title='bbox 278 1485 362 1506; x_wconf 86' lang='lat' dir='ltr'>men</span> <span class='ocrx_word' id='word_1_163' title='bbox 382 1473 637 1522; x_wconf 73' lang='lat' dir='ltr'>negligentiae,</span> <span class='ocrx_word' id='word_1_164' title='bbox 666 1485 712 1506; x_wconf 85' lang='lat' dir='ltr'>ex</span> <span class='ocrx_word' id='word_1_165' title='bbox 732 1481 838 1520; x_wconf 78' lang='lat' dir='ltr'>parte.</span> <span class='ocrx_word' id='word_1_166' title='bbox 846 1472 972 1506; x_wconf 56' lang='lat' dir='ltr'>&gt;saltem</span> <span class='ocrx_word' id='word_1_167' title='bbox 987 1470 1222 1506; x_wconf 80' lang='lat' dir='ltr'>tribuendum</span> <span class='ocrx_word' id='word_1_168' title='bbox 1239 1471 1408 1519; x_wconf 75' lang='lat' dir='ltr'>suspicor.</span> <span class='ocrx_word' id='word_1_169' title='bbox 1463 1470 1594 1520; x_wconf 67' lang='grc' dir='ltr'><strong><em>Παραι-</em></strong></span> 
     </span>
     <span class='ocr_line' id='line_1_21' title="bbox 278 1524 1592 1575; baseline -0.001 -13"><span class='ocrx_word' id='word_1_170' title='bbox 278 1524 392 1568; x_wconf 62' lang='lat' dir='ltr'>utrem)</span> <span class='ocrx_word' id='word_1_171' title='bbox 421 1530 571 1562; x_wconf 77' lang='lat' dir='ltr'>Senecae</span> <span class='ocrx_word' id='word_1_172' title='bbox 603 1527 737 1575; x_wconf 78' lang='lat' dir='ltr'>(Epist.</span> <span class='ocrx_word' id='word_1_173' title='bbox 760 1535 824 1574; x_wconf 86' lang='lat'>95.</span> <span class='ocrx_word' id='word_1_174' title='bbox 855 1527 965 1571; x_wconf 90' lang='lat' dir='ltr'>init.)</span> <span class='ocrx_word' id='word_1_175' title='bbox 995 1527 1042 1561; x_wconf 88' lang='lat' dir='ltr'>est</span> <span class='ocrx_word' id='word_1_176' title='bbox 1060 1538 1141 1574; x_wconf 82' lang='lat' dir='ltr'>pars</span> <span class='ocrx_word' id='word_1_177' title='bbox 1161 1525 1411 1574; x_wconf 76' lang='lat' dir='ltr'>philosophiae</span> <span class='ocrx_word' id='word_1_178' title='bbox 1432 1526 1592 1561; x_wconf 78' lang='lat' dir='ltr'>constans</span> 
     </span>
     <span class='ocr_line' id='line_1_22' title="bbox 277 1580 1591 1632; baseline -0.001 -16"><span class='ocrx_word' id='word_1_179' title='bbox 277 1583 490 1631; x_wconf 82' lang='lat' dir='ltr'>praeceptis.</span> <span class='ocrx_word' id='word_1_180' title='bbox 546 1585 647 1622; x_wconf 57' lang='lat' dir='ltr'>„Etw</span> <span class='ocrx_word' id='word_1_181' title='bbox 676 1583 798 1630; x_wconf 84' lang='lat' dir='ltr'>iuquit</span> <span class='ocrx_word' id='word_1_182' title='bbox 826 1582 953 1630; x_wconf 83' lang='lat' dir='ltr'>(Epist.</span> <span class='ocrx_word' id='word_1_183' title='bbox 977 1590 1030 1629; x_wconf 84' lang='lat'>94</span> <span class='ocrx_word' id='word_1_184' title='bbox 1049 1580 1152 1632; x_wconf 86' lang='lat' dir='ltr'>init.)</span> <span class='ocrx_word' id='word_1_185' title='bbox 1180 1581 1266 1620; x_wconf 84' lang='lat' dir='ltr'>„dat</span> <span class='ocrx_word' id='word_1_186' title='bbox 1291 1582 1440 1630; x_wconf 83' lang='lat' dir='ltr'>propria</span> <span class='ocrx_word' id='word_1_187' title='bbox 1459 1581 1591 1628; x_wconf 81' lang='lat' dir='ltr'>cuique</span> 
     </span>
     <span class='ocr_line' id='line_1_23' title="bbox 274 1635 1591 1686; baseline -0.002 -14"><span class='ocrx_word' id='word_1_188' title='bbox 274 1639 470 1685; x_wconf 81' lang='lat' dir='ltr'>„personae</span> <span class='ocrx_word' id='word_1_189' title='bbox 489 1648 688 1686; x_wconf 84' lang='lat' dir='ltr'>praecepta,</span> <span class='ocrx_word' id='word_1_190' title='bbox 716 1650 783 1672; x_wconf 87' lang='lat' dir='ltr'>nec</span> <span class='ocrx_word' id='word_1_191' title='bbox 803 1638 842 1671; x_wconf 87' lang='lat' dir='ltr'>in</span> <span class='ocrx_word' id='word_1_192' title='bbox 860 1639 1071 1672; x_wconf 82' lang='lat' dir='ltr'>universum</span> <span class='ocrx_word' id='word_1_193' title='bbox 1091 1637 1278 1684; x_wconf 85' lang='lat' dir='ltr'>componit</span> <span class='ocrx_word' id='word_1_194' title='bbox 1295 1636 1483 1672; x_wconf 87' lang='lat' dir='ltr'>hominem</span> <span class='ocrx_word' id='word_1_195' title='bbox 1495 1660 1505 1674; x_wconf 84' lang='lat'>‚</span> <span class='ocrx_word' id='word_1_196' title='bbox 1530 1635 1591 1670; x_wconf 78' lang='lat' dir='ltr'>sed</span> 
     </span>
     <span class='ocr_line' id='line_1_24' title="bbox 275 1692 1630 1740; baseline -0.001 -14"><span class='ocrx_word' id='word_1_197' title='bbox 275 1693 435 1731; x_wconf 79' lang='lat' dir='ltr'>„marito</span> <span class='ocrx_word' id='word_1_198' title='bbox 463 1692 609 1728; x_wconf 83' lang='lat' dir='ltr'>suadet“</span> <span class='ocrx_word' id='word_1_199' title='bbox 640 1703 706 1727; x_wconf 89' lang='lat' dir='ltr'>cet.</span> <span class='ocrx_word' id='word_1_200' title='bbox 772 1693 873 1727; x_wconf 82' lang='lat' dir='ltr'>Idem</span> <span class='ocrx_word' id='word_1_201' title='bbox 894 1695 961 1740; x_wconf 87' lang='lat' dir='ltr'>Ep.</span> <span class='ocrx_word' id='word_1_202' title='bbox 986 1700 1050 1740; x_wconf 87' lang='lat'>95.</span> <span class='ocrx_word' id='word_1_203' title='bbox 1080 1705 1116 1739; x_wconf 90' lang='lat' dir='ltr'>p.</span> <span class='ocrx_word' id='word_1_204' title='bbox 1136 1698 1216 1738; x_wconf 78' lang='lat'>422</span> <span class='ocrx_word' id='word_1_205' title='bbox 1236 1692 1319 1739; x_wconf 87' lang='lat' dir='ltr'>Bip.</span> <span class='ocrx_word' id='word_1_206' title='bbox 1385 1692 1588 1730; x_wconf 77' lang='lat' dir='ltr'>„Perfuafio</span> <span class='ocrx_word' id='word_1_207' title='bbox 1627 1720 1630 1736; x_wconf 35' lang='grc' dir='ltr'><em>ἶ</em></span> 
     </span>
     <span class='ocr_line' id='line_1_25' title="bbox 275 1746 1589 1796; baseline -0.002 -14"><span class='ocrx_word' id='word_1_208' title='bbox 275 1748 345 1787; x_wconf 77' lang='lat' dir='ltr'>„ad</span> <span class='ocrx_word' id='word_1_209' title='bbox 366 1758 481 1782; x_wconf 83' lang='lat' dir='ltr'>totam</span> <span class='ocrx_word' id='word_1_210' title='bbox 500 1749 686 1796; x_wconf 80' lang='lat' dir='ltr'>pertinens</span> <span class='ocrx_word' id='word_1_211' title='bbox 708 1748 848 1794; x_wconf 72' lang='lat' dir='ltr'>vitam:</span> <span class='ocrx_word' id='word_1_212' title='bbox 885 1747 956 1782; x_wconf 87' lang='lat' dir='ltr'>hoc</span> <span class='ocrx_word' id='word_1_213' title='bbox 975 1747 1043 1786; x_wconf 82' lang='lat' dir='ltr'>est,</span> <span class='ocrx_word' id='word_1_214' title='bbox 1082 1746 1182 1795; x_wconf 86' lang='lat' dir='ltr'>quod</span> <span class='ocrx_word' id='word_1_215' title='bbox 1203 1747 1377 1782; x_wconf 81' lang='lat' dir='ltr'>decretum</span> <span class='ocrx_word' id='word_1_216' title='bbox 1395 1758 1500 1782; x_wconf 88' lang='lat' dir='ltr'>voco.</span> <span class='ocrx_word' id='word_1_217' title='bbox 1532 1765 1589 1772; x_wconf 93' lang='lat'>—-</span> 
     </span>
     <span class='ocr_line' id='line_1_26' title="bbox 274 1801 1635 1851; baseline -0.001 -15"><span class='ocrx_word' id='word_1_218' title='bbox 274 1805 343 1842; x_wconf 84' lang='lat' dir='ltr'>„In</span> <span class='ocrx_word' id='word_1_219' title='bbox 373 1803 567 1851; x_wconf 85' lang='lat' dir='ltr'>particulas</span> <span class='ocrx_word' id='word_1_220' title='bbox 600 1803 755 1842; x_wconf 81' lang='lat' dir='ltr'>suafiffe,</span> <span class='ocrx_word' id='word_1_221' title='bbox 796 1813 914 1838; x_wconf 88' lang='lat' dir='ltr'>totum</span> <span class='ocrx_word' id='word_1_222' title='bbox 945 1803 1129 1836; x_wconf 79' lang='lat' dir='ltr'>ordinanti</span> <span class='ocrx_word' id='word_1_223' title='bbox 1155 1814 1284 1849; x_wconf 85' lang='lat' dir='ltr'>parum</span> <span class='ocrx_word' id='word_1_224' title='bbox 1307 1801 1364 1836; x_wconf 84' lang='lat' dir='ltr'>est.</span> <span class='ocrx_word' id='word_1_225' title='bbox 1419 1803 1474 1836; x_wconf 89' lang='lat' dir='ltr'>M.</span> <span class='ocrx_word' id='word_1_226' title='bbox 1496 1802 1588 1835; x_wconf 81' lang='lat' dir='ltr'><strong>Bru·</strong></span> <span class='ocrx_word' id='word_1_227' title='bbox 1632 1805 1635 1813; x_wconf 89' lang='lat'>&#39;</span> 
     </span>
     <span class='ocr_line' id='line_1_27' title="bbox 273 1855 1585 1906; baseline -0.002 -14"><span class='ocrx_word' id='word_1_228' title='bbox 273 1867 358 1897; x_wconf 76' lang='lat' dir='ltr'>„tus</span> <span class='ocrx_word' id='word_1_229' title='bbox 396 1878 451 1887; x_wconf 92' lang='lat'>--</span> <span class='ocrx_word' id='word_1_230' title='bbox 488 1859 550 1892; x_wconf 81' lang='lat' dir='ltr'>dat</span> <span class='ocrx_word' id='word_1_231' title='bbox 581 1859 697 1893; x_wconf 86' lang='lat' dir='ltr'>multa</span> <span class='ocrx_word' id='word_1_232' title='bbox 727 1869 917 1906; x_wconf 69' lang='lat' dir='ltr'>praecepta</span> <span class='ocrx_word' id='word_1_233' title='bbox 954 1867 990 1892; x_wconf 89' lang='lat' dir='ltr'>et</span> <span class='ocrx_word' id='word_1_234' title='bbox 1028 1857 1237 1905; x_wconf 82' lang='lat' dir='ltr'>parentibus</span> <span class='ocrx_word' id='word_1_235' title='bbox 1266 1866 1304 1891; x_wconf 90' lang='lat' dir='ltr'>et</span> <span class='ocrx_word' id='word_1_236' title='bbox 1328 1855 1489 1891; x_wconf 77' lang='lat' dir='ltr'>liberis.“</span> <span class='ocrx_word' id='word_1_237' title='bbox 1518 1855 1585 1889; x_wconf 62' lang='lat' dir='ltr'>cetss</span> 
     </span>
     <span class='ocr_line' id='line_1_28' title="bbox 273 1909 1586 1962; baseline -0.002 -15"><span class='ocrx_word' id='word_1_238' title='bbox 273 1913 387 1950; x_wconf 80' lang='lat' dir='ltr'>Vides</span> <span class='ocrx_word' id='word_1_239' title='bbox 406 1913 622 1960; x_wconf 82' lang='lat' dir='ltr'>hujusmodi</span> <span class='ocrx_word' id='word_1_240' title='bbox 639 1916 855 1962; x_wconf 77' lang='lat' dir='ltr'>praeceptis,</span> <span class='ocrx_word' id='word_1_241' title='bbox 885 1925 975 1960; x_wconf 87' lang='lat' dir='ltr'>quae</span> <span class='ocrx_word' id='word_1_242' title='bbox 1004 1921 1245 1960; x_wconf 83' lang='lat' dir='ltr'>opponuntur</span> <span class='ocrx_word' id='word_1_243' title='bbox 1266 1912 1432 1950; x_wconf 78' lang='lat' dir='ltr'>decretis,</span> <span class='ocrx_word' id='word_1_244' title='bbox 1459 1909 1586 1946; x_wconf 88' lang='lat' dir='ltr'>locum</span> 
     </span>
     <span class='ocr_line' id='line_1_29' title="bbox 271 1964 1632 2016; baseline -0.002 -14"><span class='ocrx_word' id='word_1_245' title='bbox 271 1967 334 2002; x_wconf 83' lang='lat' dir='ltr'>hic</span> <span class='ocrx_word' id='word_1_246' title='bbox 362 1968 430 2003; x_wconf 81' lang='lat' dir='ltr'>effe</span> <span class='ocrx_word' id='word_1_247' title='bbox 458 1968 627 2010; x_wconf 75' lang='lat' dir='ltr'>nullun1;</span> <span class='ocrx_word' id='word_1_248' title='bbox 663 1968 708 2003; x_wconf 86' lang='lat' dir='ltr'>iis</span> <span class='ocrx_word' id='word_1_249' title='bbox 739 1978 859 2003; x_wconf 80' lang='lat' dir='ltr'>tamen</span> <span class='ocrx_word' id='word_1_250' title='bbox 886 1968 1078 2015; x_wconf 84' lang='lat' dir='ltr'>proprium</span> <span class='ocrx_word' id='word_1_251' title='bbox 1105 1966 1325 2016; x_wconf 71' lang='grc' dir='ltr'>παραινέσεως</span> <span class='ocrx_word' id='word_1_252' title='bbox 1351 1964 1584 2008; x_wconf 79' lang='lat' dir='ltr'>vocabulum,</span> <span class='ocrx_word' id='word_1_253' title='bbox 1630 1975 1632 1977; x_wconf 71' lang='grc'><strong><em>’</em></strong></span> 
     </span>
     <span class='ocr_line' id='line_1_30' title="bbox 272 2020 1584 2071; baseline -0.002 -14"><span class='ocrx_word' id='word_1_254' title='bbox 272 2032 316 2057; x_wconf 88' lang='lat' dir='ltr'>ut</span> <span class='ocrx_word' id='word_1_255' title='bbox 343 2023 493 2070; x_wconf 84' lang='lat' dir='ltr'>quidem</span> <span class='ocrx_word' id='word_1_256' title='bbox 516 2024 678 2059; x_wconf 83' lang='lat' dir='ltr'>videtur.</span> <span class='ocrx_word' id='word_1_257' title='bbox 737 2025 884 2062; x_wconf 84' lang='lat' dir='ltr'>Contra,</span> <span class='ocrx_word' id='word_1_258' title='bbox 912 2032 1053 2071; x_wconf 83' lang='lat' dir='ltr'>praeter</span> <span class='ocrx_word' id='word_1_259' title='bbox 1073 2033 1241 2058; x_wconf 85' lang='lat' dir='ltr'>veterum</span> <span class='ocrx_word' id='word_1_260' title='bbox 1261 2020 1444 2056; x_wconf 79' lang='lat' dir='ltr'>librorum</span> <span class='ocrx_word' id='word_1_261' title='bbox 1463 2029 1584 2055; x_wconf 79' lang='lat' dir='ltr'>aucto·</span> 
     </span>
     <span class='ocr_line' id='line_1_31' title="bbox 246 2067 1583 2128; baseline -0.001 -17"><span class='ocrx_word' id='word_1_262' title='bbox 246 2067 432 2118; x_wconf 78' lang='lat' dir='ltr'>·1itatem‚</span> <span class='ocrx_word' id='word_1_263' title='bbox 460 2077 641 2128; x_wconf 67' lang='grc' dir='ltr'>ταρορμᾷν</span> <span class='ocrx_word' id='word_1_264' title='bbox 671 2078 758 2114; x_wconf 87' lang='lat' dir='ltr'>solet</span> <span class='ocrx_word' id='word_1_265' title='bbox 786 2091 868 2112; x_wconf 84' lang='lat' dir='ltr'>cum</span> <span class='ocrx_word' id='word_1_266' title='bbox 898 2077 1110 2127; x_wconf 67' lang='grc' dir='ltr'>προτρέπειν</span> <span class='ocrx_word' id='word_1_267' title='bbox 1120 2076 1294 2126; x_wconf 82' lang='lat' dir='ltr'>conjungi</span> <span class='ocrx_word' id='word_1_268' title='bbox 1316 2075 1424 2110; x_wconf 86' lang='lat' dir='ltr'>etiam</span> <span class='ocrx_word' id='word_1_269' title='bbox 1443 2087 1463 2109; x_wconf 81' lang='lat' dir='ltr'>a</span> <span class='ocrx_word' id='word_1_270' title='bbox 1483 2074 1583 2111; x_wconf 82' lang='lat' dir='ltr'>Glos-</span> 
     </span>
     <span class='ocr_line' id='line_1_32' title="bbox 271 2129 1638 2187; baseline -0.003 -20"><span class='ocrx_word' id='word_1_271' title='bbox 271 2134 456 2187; x_wconf 54' lang='lat' dir='ltr'>[ogiapliis</span> <span class='ocrx_word' id='word_1_272' title='bbox 487 2144 529 2168; x_wconf 91' lang='lat' dir='ltr'>ut</span> <span class='ocrx_word' id='word_1_273' title='bbox 560 2134 762 2181; x_wconf 83' lang='lat' dir='ltr'>Hesychio,</span> <span class='ocrx_word' id='word_1_274' title='bbox 792 2133 949 2172; x_wconf 85' lang='lat' dir='ltr'>Polluce,</span> <span class='ocrx_word' id='word_1_275' title='bbox 986 2145 1060 2167; x_wconf 83' lang='lat' dir='ltr'>non</span> <span class='ocrx_word' id='word_1_276' title='bbox 1090 2145 1164 2166; x_wconf 90' lang='lat' dir='ltr'>uno</span> <span class='ocrx_word' id='word_1_277' title='bbox 1192 2131 1286 2166; x_wconf 91' lang='lat' dir='ltr'>loco.</span> <span class='ocrx_word' id='word_1_278' title='bbox 1343 2130 1452 2177; x_wconf 86' lang='lat' dir='ltr'>Quod</span> <span class='ocrx_word' id='word_1_279' title='bbox 1483 2129 1582 2164; x_wconf 88' lang='lat' dir='ltr'>enim</span> <span class='ocrx_word' id='word_1_280' title='bbox 1612 2149 1638 2156; x_wconf 49' lang='grc' dir='ltr'>-ι</span> 
     </span>
     <span class='ocr_line' id='line_1_33' title="bbox 269 2184 1634 2237; baseline -0.004 -14"><span class='ocrx_word' id='word_1_281' title='bbox 269 2192 441 2237; x_wconf 69' lang='grc' dir='ltr'>παραινεῖν</span> <span class='ocrx_word' id='word_1_282' title='bbox 455 2189 636 2223; x_wconf 79' lang='lat' dir='ltr'>declarant</span> <span class='ocrx_word' id='word_1_283' title='bbox 656 2189 768 2223; x_wconf 87' lang='lat' dir='ltr'>iidem</span> <span class='ocrx_word' id='word_1_284' title='bbox 789 2201 854 2236; x_wconf 86' lang='lat' dir='ltr'>per</span> <span class='ocrx_word' id='word_1_285' title='bbox 872 2184 1130 2232; x_wconf 76' lang='grc' dir='ltr'><strong><em>συμβουλεύειν,</em></strong></span> <span class='ocrx_word' id='word_1_286' title='bbox 1150 2187 1189 2220; x_wconf 87' lang='lat' dir='ltr'>id</span> <span class='ocrx_word' id='word_1_287' title='bbox 1209 2185 1376 2233; x_wconf 83' lang='lat' dir='ltr'>equidem</span> <span class='ocrx_word' id='word_1_288' title='bbox 1395 2185 1440 2219; x_wconf 79' lang='lat' dir='ltr'>ad</span> <span class='ocrx_word' id='word_1_289' title='bbox 1461 2184 1581 2219; x_wconf 82' lang='lat' dir='ltr'>defen·</span> <span class='ocrx_word' id='word_1_290' title='bbox 1628 2211 1634 2217; x_wconf 73' lang='grc'>,.</span> 
     </span>
     <span class='ocr_line' id='line_1_34' title="bbox 270 2239 1627 2293; baseline -0.002 -16"><span class='ocrx_word' id='word_1_291' title='bbox 270 2244 425 2278; x_wconf 82' lang='lat' dir='ltr'>dendam</span> <span class='ocrx_word' id='word_1_292' title='bbox 454 2243 644 2293; x_wconf 81' lang='lat' dir='ltr'>vulgatam</span> <span class='ocrx_word' id='word_1_293' title='bbox 678 2244 891 2291; x_wconf 83' lang='lat' dir='ltr'>scripturam</span> <span class='ocrx_word' id='word_1_294' title='bbox 923 2243 1035 2277; x_wconf 76' lang='lat' dir='ltr'>facere</span> <span class='ocrx_word' id='word_1_295' title='bbox 1069 2254 1144 2277; x_wconf 86' lang='lat' dir='ltr'>non</span> <span class='ocrx_word' id='word_1_296' title='bbox 1173 2250 1276 2289; x_wconf 84' lang='lat' dir='ltr'>puto.</span> <span class='ocrx_word' id='word_1_297' title='bbox 1330 2241 1389 2275; x_wconf 88' lang='lat' dir='ltr'>De</span> <span class='ocrx_word' id='word_1_298' title='bbox 1408 2239 1579 2274; x_wconf 77' lang='lat' dir='ltr'>univelso</span> <span class='ocrx_word' id='word_1_299' title='bbox 1624 2258 1627 2259; x_wconf 41' lang='lat'><em>⁷</em></span> 
     </span>
     <span class='ocr_line' id='line_1_35' title="bbox 268 2291 1631 2348; baseline -0.002 -16"><span class='ocrx_word' id='word_1_300' title='bbox 268 2311 400 2348; x_wconf 81' lang='lat' dir='ltr'>genere</span> <span class='ocrx_word' id='word_1_301' title='bbox 429 2297 718 2348; x_wconf 77' lang='grc' dir='ltr'><strong><em>συμβουλευτικω</em></strong></span> <span class='ocrx_word' id='word_1_302' title='bbox 748 2312 789 2347; x_wconf 66' lang='lat' dir='ltr'>eg</span> <span class='ocrx_word' id='word_1_303' title='bbox 770 2299 853 2332; x_wconf 77' lang='lat' dir='ltr'>oiffe</span> <span class='ocrx_word' id='word_1_304' title='bbox 882 2298 946 2332; x_wconf 83' lang='lat' dir='ltr'>isto</span> <span class='ocrx_word' id='word_1_305' title='bbox 978 2297 1059 2332; x_wconf 86' lang='lat' dir='ltr'>loeo</span> <span class='ocrx_word' id='word_1_306' title='bbox 1088 2309 1163 2331; x_wconf 89' lang='lat' dir='ltr'>non</span> <span class='ocrx_word' id='word_1_307' title='bbox 1191 2296 1341 2331; x_wconf 89' lang='lat' dir='ltr'>videtur</span> <span class='ocrx_word' id='word_1_308' title='bbox 1359 2294 1576 2330; x_wconf 82' lang='lat' dir='ltr'>Athenaeus.</span> <span class='ocrx_word' id='word_1_309' title='bbox 1627 2291 1631 2297; x_wconf 65' lang='grc'><em>’</em></span> 
     </span>
     <span class='ocr_line' id='line_1_36' title="bbox 265 2349 1576 2403; baseline -0.002 -17"><span class='ocrx_word' id='word_1_310' title='bbox 265 2356 367 2388; x_wconf 84' lang='lat' dir='ltr'>Inter</span> <span class='ocrx_word' id='word_1_311' title='bbox 384 2354 519 2403; x_wconf 67' lang='lat' dir='ltr'>figuras</span> <span class='ocrx_word' id='word_1_312' title='bbox 542 2366 661 2388; x_wconf 81' lang='lat' dir='ltr'>tamen</span> <span class='ocrx_word' id='word_1_313' title='bbox 686 2354 939 2389; x_wconf 78' lang='lat' dir='ltr'>sententiarum</span> <span class='ocrx_word' id='word_1_314' title='bbox 958 2366 1004 2402; x_wconf 87' lang='lat'>9,</span> <span class='ocrx_word' id='word_1_315' title='bbox 1035 2362 1071 2391; x_wconf 88' lang='lat'>2,</span> <span class='ocrx_word' id='word_1_316' title='bbox 1105 2361 1180 2395; x_wconf 78' lang='lat'>103</span> <span class='ocrx_word' id='word_1_317' title='bbox 1209 2351 1410 2387; x_wconf 80' lang='lat' dir='ltr'>exhortatio</span> <span class='ocrx_word' id='word_1_318' title='bbox 1431 2349 1488 2389; x_wconf 87' lang='lat' dir='ltr'>est,</span> <span class='ocrx_word' id='word_1_319' title='bbox 1516 2349 1576 2384; x_wconf 88' lang='lat' dir='ltr'>cui</span> 
     </span>
    </p>
   </div>
   <div class='ocr_carea' id='block_1_4' title="bbox 264 2405 922 2458">
    <p class='ocr_par' dir='ltr' id='par_1_4' title="bbox 264 2405 922 2458">
     <span class='ocr_line' id='line_1_37' title="bbox 264 2405 922 2458; baseline 0.002 -15"><span class='ocrx_word' id='word_1_320' title='bbox 264 2407 455 2457; x_wconf 82' lang='lat' dir='ltr'>subjicitur</span> <span class='ocrx_word' id='word_1_321' title='bbox 478 2410 656 2444; x_wconf 77' lang='lat' dir='ltr'>Graecum</span> <span class='ocrx_word' id='word_1_322' title='bbox 674 2405 922 2458; x_wconf 70' lang='grc' dir='ltr'><strong><em>παραινετικόν.</em></strong></span> 
     </span>
    </p>
   </div>
   <div class='ocr_carea' id='block_1_5' title="bbox 251 2538 1625 2755">
    <p class='ocr_par' dir='ltr' id='par_1_5' title="bbox 261 2538 1576 2641">
     <span class='ocr_line' id='line_1_38' title="bbox 325 2538 1576 2592; baseline -0.005 -14"><span class='ocrx_word' id='word_1_323' title='bbox 325 2546 448 2592; x_wconf 80' lang='lat' dir='ltr'>qui—</span> <span class='ocrx_word' id='word_1_324' title='bbox 459 2546 623 2590; x_wconf 81' lang='lat' dir='ltr'>pro&#39;prius</span> <span class='ocrx_word' id='word_1_325' title='bbox 644 2544 740 2578; x_wconf 83' lang='lat' dir='ltr'>refer</span> <span class='ocrx_word' id='word_1_326' title='bbox 762 2542 805 2576; x_wconf 82' lang='lat' dir='ltr'>ad</span> <span class='ocrx_word' id='word_1_327' title='bbox 819 2541 894 2590; x_wconf 73' lang='lat' dir='ltr'>fta·</span> <span class='ocrx_word' id='word_1_328' title='bbox 949 2539 1110 2579; x_wconf 82' lang='lat' dir='ltr'>videtur,</span> <span class='ocrx_word' id='word_1_329' title='bbox 1138 2548 1234 2574; x_wconf 83' lang='lat' dir='ltr'>tecte</span> <span class='ocrx_word' id='word_1_330' title='bbox 1252 2550 1299 2573; x_wconf 81' lang='lat' dir='ltr'>ex</span> <span class='ocrx_word' id='word_1_331' title='bbox 1316 2538 1382 2574; x_wconf 75' lang='lat' dir='ltr'>usu</span> <span class='ocrx_word' id='word_1_332' title='bbox 1391 2539 1576 2573; x_wconf 80' lang='lat' dir='ltr'>Gramma-</span> 
     </span>
     <span class='ocr_line' id='line_1_39' title="bbox 261 2594 1575 2641; baseline -0.004 -10"><span class='ocrx_word' id='word_1_333' title='bbox 261 2607 359 2636; x_wconf 78' lang='lat' dir='ltr'>tum,</span> <span class='ocrx_word' id='word_1_334' title='bbox 389 2611 433 2632; x_wconf 83' lang='lat' dir='ltr'>ne</span> <span class='ocrx_word' id='word_1_335' title='bbox 453 2598 595 2633; x_wconf 62' lang='lat' dir='ltr'>haereas</span> <span class='ocrx_word' id='word_1_336' title='bbox 621 2599 660 2632; x_wconf 85' lang='lat' dir='ltr'>in</span> <span class='ocrx_word' id='word_1_337' title='bbox 682 2596 890 2632; x_wconf 84' lang='lat' dir='ltr'>masculino.</span> <span class='ocrx_word' id='word_1_338' title='bbox 947 2597 1106 2630; x_wconf 83' lang='lat' dir='ltr'>ticorum</span> <span class='ocrx_word' id='word_1_339' title='bbox 1143 2594 1296 2629; x_wconf 75' lang='lat' dir='ltr'>illustrat</span> <span class='ocrx_word' id='word_1_340' title='bbox 1327 2594 1575 2641; x_wconf 74' lang='lat' dir='ltr'>Capperonne-</span> 
     </span>
    </p>

    <p class='ocr_par' dir='ltr' id='par_1_6' title="bbox 251 2647 1625 2755">
     <span class='ocr_line' id='line_1_40' title="bbox 313 2647 1572 2699; baseline -0.004 -12"><span class='ocrx_word' id='word_1_341' title='bbox 313 2651 570 2694; x_wconf 76' lang='grc' dir='ltr'><strong><em>συντελική</em></strong></span> <span class='ocrx_word' id='word_1_342' title='bbox 580 2668 606 2690; x_wconf 85' lang='grc' dir='ltr'>ν.</span> <span class='ocrx_word' id='word_1_343' title='bbox 620 2652 890 2699; x_wconf 77' lang='lat' dir='ltr'>Nomen,quo(l</span> <span class='ocrx_word' id='word_1_344' title='bbox 945 2652 1021 2685; x_wconf 84' lang='lat' dir='ltr'>rius</span> <span class='ocrx_word' id='word_1_345' title='bbox 1053 2659 1089 2683; x_wconf 87' lang='lat' dir='ltr'>et</span> <span class='ocrx_word' id='word_1_346' title='bbox 1115 2649 1176 2683; x_wconf 87' lang='lat' dir='ltr'>hic</span> <span class='ocrx_word' id='word_1_347' title='bbox 1197 2658 1233 2683; x_wconf 91' lang='lat' dir='ltr'>et</span> <span class='ocrx_word' id='word_1_348' title='bbox 1260 2648 1301 2682; x_wconf 89' lang='lat' dir='ltr'>in</span> <span class='ocrx_word' id='word_1_349' title='bbox 1321 2648 1431 2696; x_wconf 78' lang='lat' dir='ltr'>praef.</span> <span class='ocrx_word' id='word_1_350' title='bbox 1452 2647 1572 2695; x_wconf 70' lang='lat' dir='ltr'>operis</span> 
     </span>
     <span class='ocr_line' id='line_1_41' title="bbox 251 2702 1625 2755; baseline -0.005 -13"><span class='ocrx_word' id='word_1_351' title='bbox 251 2707 316 2755; x_wconf 68' lang='lat' dir='ltr'>ips»</span> <span class='ocrx_word' id='word_1_352' title='bbox 348 2710 418 2755; x_wconf 85' lang='lat' dir='ltr'>Qu.</span> <span class='ocrx_word' id='word_1_353' title='bbox 458 2709 581 2743; x_wconf 79' lang='lat' dir='ltr'>minus</span> <span class='ocrx_word' id='word_1_354' title='bbox 616 2718 749 2742; x_wconf 89' lang='lat' dir='ltr'>notum</span> <span class='ocrx_word' id='word_1_355' title='bbox 785 2708 888 2742; x_wconf 79' lang='lat' dir='ltr'>l&#39;uiffe</span> <span class='ocrx_word' id='word_1_356' title='bbox 943 2711 997 2753; x_wconf 83' lang='lat' dir='ltr'>(p.</span> <span class='ocrx_word' id='word_1_357' title='bbox 1019 2706 1140 2748; x_wconf 85' lang='lat' dir='ltr'><strong>XIX).</strong></span> <span class='ocrx_word' id='word_1_358' title='bbox 1194 2703 1242 2739; x_wconf 81' lang='lat' dir='ltr'>Iis</span> <span class='ocrx_word' id='word_1_359' title='bbox 1263 2705 1373 2745; x_wconf 86' lang='lat' dir='ltr'>enim,</span> <span class='ocrx_word' id='word_1_360' title='bbox 1402 2702 1502 2750; x_wconf 88' lang='lat' dir='ltr'>quod</span> <span class='ocrx_word' id='word_1_361' title='bbox 1522 2711 1572 2736; x_wconf 85' lang='lat' dir='ltr'>et·</span> <span class='ocrx_word' id='word_1_362' title='bbox 1623 2706 1625 2708; x_wconf 79' lang='grc'><strong>’</strong></span> 
     </span>
    </p>
   </div>
  </div>
 </body>
</html>
