1656 2990
263 235 358 290 526

263 356 407 421 apud
434 349 681 423 consules.-

573 233 646 278 M.
679 233 810 278 FAB.
849 233 1257 292 QUINTILIANI
1303 213 1305 216 ’

744 353 907 417 major
936 358 1062 402 enim
1095 358 1362 416 praetoria
1396 362 1565 429 cogtzif-
1577 373 1654 408 257

264 436 395 480 tione
415 427 622 499 summa
648 425 737 496 est.
791 432 1079 492 quaeritur,
1127 430 1220 479 An
1247 430 1410 494 major
1422 410 1567 502 sum-

203 531 249 564 71
266 525 348 553 ma
358 502 470 575 fit?
504 503 624 551 facti
652 504 996 552 controverfia
1018 504 1101 552 est.

1181 507 1311 554 Non
1342 506 1455 554 licet
1479 506 1568 555 cibi

264 597 425 648 agele
456 597 670 626 mecum:
705 583 936 646 cowm'tor
965 583 1092 627 enim
1116 578 1247 648 fieri
1278 591 1376 629 non
1400 585 1569 644 potui-

254 653 344 723 sti.
379 652 625 714 judicatio
661 653 755 709 est,
759 619 885 701 &An
904 658 1163 718 potuerit?
1205 656 1336 704 Non
1355 653 1570 724 debuisti

265 732 580 787 interdicere,
613 725 718 802 sed
739 739 939 792 peterte
980 731 1072 779 An
1099 741 1229 779 recte
1257 732 1569 780 interdictum

336 894 416 939 jud.
444 891 506 941 eft.

261 1031 514 1080 „relinquet-e,
562 1035 584 1067 fi
624 1031 889 1080 relinquebant,

262 1089 370 1129 „fidei
383 1089 660 1122 committebant
673 1101 812 1126 eorum,
824 1090 890 1135 qui

261 1157 410 1190 „capere
431 1157 475 1177 ex
495 1144 699 1178 testamento
712 1154 888 1191 poterant.

262 1201 335 1237 „Et
362 1199 443 1232 ideo
473 1198 740 1232 fideicommiss'a
771 1198 888 1246 appel-

261 1253 357 1292 „lata
378 1254 478 1291 funt,
506 1254 589 1299 quia
610 1253 714 1287 nullo
735 1253 886 1287 vinculo

261 1309 400 1355 „juris,
434 1307 491 1342 [ed
511 1317 653 1342 tantum
674 1308 815 1354 pudore
835 1321 892 1341 eo-

260 1375 390 1402 „rum‚
422 1362 488 1409 qui
509 1362 751 1412 rogabantur,
778 1363 889 1396 conti-

259 1418 473 1457 „nebantur-
532 1417 652 1451 Postea
679 1417 789 1451 divus
815 1419 890 1450 Au-

260 1472 408 1522 „gustus
430 1471 572 1519 primus
595 1491 648 1498 -—
672 1471 771 1517 juffi't
792 1472 888 1506 Con-

259 1526 376 1566 „sules
396 1527 647 1560 auctoritatem
667 1527 763 1561 suam
776 1526 887 1560 inter-

259 1594 430 1629 .‚ponere.
503 1581 611 1628 Quod
639 1582 723 1628 quia
751 1581 885 1626 justum

257 1637 478 1677 „videbatur
513 1646 550 1670 et
588 1636 761 1684 populare
789 1645 884 1670 erat:

258 1691 459 1739 „paulatim
509 1693 721 1726 conversum
764 1690 811 1724 est
845 1691 885 1724 in

254 1746 450 1787 „affiduam
460 1746 752 1793 jurisdictionem
772 1765 824 1772 —
841 1755 885 1779 ut

256 1800 454 1848 „paulatim
486 1802 592 1835 etiam
628 1810 772 1848 piaetor
800 1812 883 1847 pro-

252 1856 381 1903 „prius
403 1866 603 1894 crea1·,etur
632 1855 697 1902 qui
719 1855 762 1889 de
783 1843 882 1899 fid*

254 1911 471 1950 „commistis
498 1912 556 1956 jus
587 1911 740 1949 diceret,
770 1923 879 1956 quem

252 1965 652 2005 „fideicommiffarium

251 2020 401 2060 „ba11t.“
456 2023 526 2054 Pro
551 2021 710 2068 summae
738 2020 880 2066 quanti-

252 2085 336 2114 tate,
358 2076 538 2109 actionem
560 2075 718 2110 debuiffe
737 2075 878 2108 intendi

249 2130 313 2166 vel
340 2131 434 2177 apud
456 2130 627 2169 Consules
642 2130 717 2165 ‘vel
737 2132 879 2163 Praeto-

249 2198 350 2224 rem,
396 2195 541 2232 apparet
569 2199 614 2220 ex
640 2186 760 2219 nostro
799 2185 876 2231 ipso

204 2239 206 2241 ’
249 2240 343 2275 loco.
393 2241 437 2274 cf.
468 2241 576 2275 Bach.
606 2242 647 2275 in
675 2240 764 2275 Hist.
793 2241 874 2276 Jur.

248 2309 284 2344 p.
307 2305 398 2342 591.
430 2305 493 2342 92.

304 2353 483 2397 cognitor,
531 2349 597 2395 qui
626 2350 761 2384 causam
787 2348 874 2383 alte-

247 2405 325 2439 tius
351 2405 401 2439 ita
425 2404 467 2438 ab
488 2416 530 2438 eo
554 2403 700 2442 didicit,
730 2414 772 2439 ut
794 2416 870 2438 eam

245 2459 416 2508 probaret
436 2470 471 2493 et
492 2460 587 2493 suam
606 2459 738 2493 faceret
760 2460 799 2493 in
815 2460 872 2504 ju·

249 2515 357 2549 dicio.
387 2515 464 2549 vid.
479 2514 623 2548 Lexica.
679 2515 798 2564 Negat
817 2526 870 2547 er-

247 2582 296 2619 go
325 2570 378 2608 is,
415 2581 523 2615 quem
551 2568 761 2615 loquentem
784 2569 870 2603 facit

244 2626 336 2676 Qu.‚
366 2626 503 2658 causam
531 2625 685 2670 potuiss'e
706 2624 871 2674 cognosci

243 2679 287 2712 ab
310 2679 389 2717 hoc,
419 2679 484 2726 qui
501 2678 649 2713 alteiius
661 2678 765 2714 litem
786 2691 869 2714 con-

243 2743 298 2768 tra
317 2735 351 2769 se
369 2734 568 2783 suscepeu't.

729 1964 906 2012 appella-¹}

562 892 738 927 Posterius
769 893 948 928 omittunt
975 893 1098 930 Guelf.
1125 894 1250 930 Turic.
1278 892 1375 930 Alm.

993 1033 1175 1079 judicatio.
1205 1036 1250 1071 cf.
1273 1045 1308 1080 3,
1331 1048 1391 1074 11,
1414 1047 1447 1069 1.
1467 1038 1504 1081 4.
1528 1043 1565 1077 7.

995 1091 1194 1126 interdicere
1214 1111 1270 1118 --
1288 1101 1415 1138 petere.
1459 1091 1567 1124 Incer-

943 1145 1055 1180 dicere
1071 1145 1236 1195 litigator
1255 1146 1390 1180 dicitur
1411 1157 1494 1179 cum
1511 1144 1565 1177 in-

943 1200 1097 1234 terdicto
1150 1202 1270 1235 utitur
1309 1210 1432 1234 contra
1469 1211 1566 1236 eum,

941 1255 1007 1300 qui
1029 1254 1109 1288 vim
1134 1255 1199 1289 fibi
1227 1256 1267 1289 in
1288 1267 1327 1289 re
1359 1256 1415 1288 sua
1443 1253 1564 1287 faciat.

946 1309 989 1342 cf.
1022 1319 1064 1348 2,
1100 1319 1169 1348 12,
1198 1318 1234 1353 5.
1291 1311 1412 1344 Locus
1433 1309 1476 1342 ad
1500 1320 1566 1341 no-

941 1362 1052 1397 strum
1082 1364 1354 1411 appofitiffimus
1386 1363 1432 1397 est
1467 1363 1566 1397 Insti-

943 1427 1027 1452 tutt.
1048 1425 1084 1464 4,
1103 1427 1162 1461 15,
1182 1426 1209 1465 4
1230 1418 1476 1457 „Retinendae
1488 1418 1566 1465 pos-

940 1473 1119 1510 „seffionis
1140 1475 1237 1508 causa
1259 1483 1462 1521 comparata
1482 1474 1566 1508 sunt

938 1527 1164 1567 ,Antei-dicta,
1187 1526 1451 1576 ιιιὶγοβιῖιῖιειιζς*ε
1477 1527 1564 1572 (Di-

939 1583 1020 1631 gest.
1042 1590 1106 1628 43,
1126 1593 1184 1625 17,
1209 1597 1241 1618 1.
1269 1594 1304 1617 et
1325 1583 1397 1617 hoc
1413 1582 1563 1629 quidem

938 1639 1006 1675 „de
1044 1637 1109 1672 [oli
1146 1638 1353 1685 poffeffione
1388 1637 1563 1684 scriptum

937 1692 1050 1738 ‚,est“)
1078 1702 1140 1730 „et
1162 1693 1301 1727 utrubi“
1334 1692 1411 1737 (ib.
1434 1701 1497 1735 31,
1525 1705 1560 1727 1-

936 1749 1042 1784 „Hoc
1065 1767 1118 1772 —
1147 1747 1190 1781 de
1212 1747 1421 1794 poss'essione
1435 1759 1561 1781 rerum

935 1801 1155 1839 „mobilium
1209 1802 1331 1836 locum
1383 1801 1560 1846 habet“):

932 1869 1041 1894 „cum
1059 1856 1101 1891 ab
1122 1866 1274 1903 utraque
1293 1866 1394 1904 parte
1415 1857 1458 1890 de
1476 1867 1561 1904 pro-

933 1911 1110 1958 „prietate
1139 1912 1292 1958 alicujus
1322 1912 1377 1946 rei
1415 1921 1560 1946 contro-

929 1967 1070 2016 3,Vrerfia
1098 1968 1156 2005 fit,
1186 1977 1230 2001 ⁴et
1248 1977 1329 2001 ante
1352 1976 1557 2014 quaeratur,

931 2030 1038 2059 „uter
1057 2033 1103 2054 ex
1122 2021 1369 2071 litigatoribus
1387 2019 1560 2070 poffialero

931 2085 992 2114 „et
1016 2084 1097 2122 uter
1113 2088 1230 2123 petere
1251 2076 1391 2111 debeat.
1444 2077 1558 2112 Nam·

929 2143 1024 2177 „que
1045 2123 1111 2164 n'ifi
1130 2140 1211 2165 ante
1230 2130 1459 2179 explotatum
1478 2131 1556 2165 fue-

930 2186 1013 2225 „rit‚
1041 2186 1160 2220 utrius
1182 2198 1308 2220 eorum
1325 2185 1486 2233 poss'effio
1499 2187 1554 2224 fit,

929 2253 1029 2279 „non
1048 2241 1160 2288 potest
1183 2241 1355 2288 petitoria
1375 2241 1468 2275 actio
1497 2241 1554 2275 in-

927 2295 1062 2334 „ftitui,
1091 2295 1176 2341 quia
1196 2306 1231 2330 et
1249 2295 1369 2331 civilis
1392 2304 1428 2329 et
1449 2305 1555 2330 natu.

926 2349 1036 2389 „ralis
1057 2350 1150 2384 ratio
1171 2351 1268 2389 facit,
1295 2359 1340 2385 ut
1358 2349 1448 2384 alius
1470 2351 1552 2398 pos·

907 2405 1057 2443 ‘„fideat
1076 2415 1111 2439 et
1128 2404 1218 2440 alius
1238 2419 1256 2439 a
1276 2404 1474 2453 poffidente
1489 2417 1550 2453 pe.

924 2469 1013 2499 ‚‚tat.
1069 2462 1127 2498 Et,
1155 2461 1241 2507 quia
1258 2459 1368 2510 longe
1389 2471 1548 2494 commo-

925 2515 1031 2553 „dius
1053 2515 1099 2548 est
1130 2524 1166 2549 et
1194 2515 1340 2563 potius,
1371 2514 1548 2562 poffidere

923 2582 1057 2616 „quam
1094 2579 1238 2617 petere;
1277 2570 1360 2604 ideo
1388 2568 1548 2617 plerum-

924 2637 1019 2671 „que
1059 2634 1095 2658 et
1132 2625 1208 2659 fere
1245 2626 1382 2672 semper
1418 2623 1545 2674 ingens

922 2679 1067 2718 „existit
1090 2681 1276 2715 contentio
1301 2680 1347 2715 de
1371 2679 1445 2728 ipsa
1469 2681 1547 2728 pos·

921 2733 1127 2774 ,ᾸεΠίοιιε-έ*
