1656 2990
251 195 396 228 Lxxu
679 176 1117 235 PRAEFATIO.

255 321 351 369 ego
382 309 594 358 vicissim
621 311 1038 374 reprehendendi
1060 313 1324 360 materiam
1346 310 1563 376 sequen·

253 394 394 443 tibus
418 399 734 461 reliquerim.
812 403 980 466 Quam
1005 411 1080 457 ut,
1120 417 1217 464 pro
1241 401 1386 453 virili
1406 410 1564 465 parte,

254 482 573 545 praesumam
605 497 669 533 et·
689 489 950 543 minuam,
1007 504 1064 534 ea
1094 483 1225 552 qu'ae
1255 490 1391 536 inter
1429 488 1565 552 preli

254 585 424 618 moras
460 572 832 636 posterioribus
871 575 1006 621 curis
1045 577 1234 624 melius
1262 572 1565 641 perspexiffe

255 655 470 716 videor,
525 677 615 723 age
659 659 1099 724 percenseamus..
1165 665 1362 710 Ponam
1401 662 1567 710 varias

257 757 471 806 quoque
492 745 764 810 scripturas
784 764 1026 796 meorum
1043 748 1304 797 librorum
1322 747 1570 814 'mfignio-

253 845 362 888 res,
395 830 500 882 suis
528 835 656 884 lobis
687 852 716 882 a
743 852 827 884 me
855 833 1237 900 praetermiffas.

357 983 553 1043 Ept'sz'ola
591 986 650 1025 ad
691 987 962 1040 Tryphonem.
1033 988 1164 1042 Quod
1199 988 1285 1027 dixi
1324 986 1570 1040 bibliopolae

258 1049 579 1100 appellationem
609 1053 738 1092 abess'e
759 1068 780 1093 a
800 1053 963 1100 Gueffi,
998 1063 1206 1106 praeterea
1237 1055 1571 1109 animadverten-

259 1113 360 1153 dum
381 1116 449 1161 est,
486 1119 530 1156 in
550 1119 623 1158 isto
647 1119 824 1165 Codice,
859 1121 975 1159 ficuti
998 1122 1041 1158 in
1064 1121 1128 1159 ed.
1149 1119 1314 1160 len—son.
1337 1121 1493 1160 nullam
1514 1133 1569 1160 ne

265 1179 502 1231 Tryphonis
521 1186 690 1236 quidem
713 1199 950 1238 comparere
971 1188 1251 1231 mentionem,
1289 1185 1357 1225 sed
1384 1186 1467 1226 hoc
1489 1186 1568 1242 ell'e

259 1243 431 1286 initium
454 1252 584 1290 totius
607 1253 762 1304 operis:
802 1251 1091 1314 Quintilianus
1118 1251 1163 1291 V
1163 1253 1322 1292 tctorio.

356 1347 540 1389 Prooem.
569 1351 696 1401 primi
722 1349 815 1389 libri
841 1354 886 1397 §-
913 1361 989 1397 27.
1058 1350 1179 1390 Adde
1208 1351 1258 1389 ad
1282 1359 1430 1389 notam
1447 1349 1571 1390 Criti-

261 1423 374 1451 cam:
418 1413 482 1454 Cf.
509 1416 706 1455 Prooem.
737 1418 830 1455 libri
861 1416 962 1456 sexti
987 1419 1024 1467 §.
1055 1431 1071 1455 1
1089 1430 1126 1456 1.
1154 1417 1228 1455 ubi
1250 1416 1489 1476 constantia
1508 1416 1570 1455 di-

262 1475 366 1518 serte
394 1479 617 1521 secernitur
640 1495 662 1521 a
680 1477 903 1540 fortuitis.

367 1591 412 1624 1,
452 1593 466 1618 1
486 1609 496 1626 ,
538 1593 578 1621 2.
633 1580 714 1621 Secl
739 1567 787 1620 u}
816 1580 912 1632 plus
943 1575 1118 1641 efficiat,
1151 1587 1227 1619 aut
1251 1579 1398 1620 minus.
1468 1579 1578 1619 Sine.

261 1647 535 1686 annotatione
563 1648 812 1699 praetermisi
842 1647 1005 1692 locum,
1039 1660 1165 1699 quem
1185 1655 1325 1685 tamen
1354 1658 1572 1698 perperam

265 1710 410 1761 cepiffe
433 1726 544 1751 nunc
567 1715 738 1766 quidem
759 1713 868 1751 mihi
880 1714 1043 1752 videor.
1120 1713 1181 1751 Ue
1201 1713 1382 1764 positum
1401 1712 1470 1750 hic
1491 1711 1571 1750 ell'e

262 1787 340 1827 pro
364 1776 462 1836 etsi,
494 1768 565 1832 tini
588 1779 643 1818 est
668 1779 762 1818 usus
789 1780 913 1817 etiarn
941 1779 1079 1818 nostro
1102 1778 1285 1830 scriptori
1301 1775 1572 1828 frequentiffi-

264 1853 383 1887 mus,
423 1845 544 1897 plane
565 1846 687 1885 credo
711 1844 854 1886 celeb.
880 1844 1088 1888 Gediki0‚
1119 1845 1190 1896 qui
1218 1844 1261 1882 in
1288 1852 1388 1882 nota
1409 1843 1459 1881 ad
1480 1856 1573 1882 ver·
1595 1865 1615 1895 '.

262 1906 423 1948 fionem
437 1911 701 1950 vernaculam
715 1911 836 1960 hujus
858 1906 1012 1971 ξ’ἦςεως
1029 1919 1154 1963 negat
1170 1910 1301 1947 ullum
1317 1908 1393 1948 effe
1414 1909 1458 1946 in
1476 1909 1572 1950 loco

264 1971 495 2023 subjectum
514 1977 542 2016 fi
561 1986 609 2017 uc
630 1978 911 2029 interpreteris
935 1977 1023 2020 ita,
1053 1984 1114 2015 ut.
1185 1976 1364 2020 Contra,
1395 1976 1424 2013 si
1451 1982 1500 2012 ut
1525 1975 1575 2013 fit

266 2037 364 2097 etsi,
399 2042 625 2081 inventurn
652 2043 729 2082 effe
761 2042 1012 2092 subjectum,
1053 2043 1165 2094 quod
1188 2055 1210 2080 e
1231 2054 1335 2080 voce
1359 2053 1472 2079 nemo
1502 2041 1576 2079 de-

267 2102 362 2144 beat
386 2109 548 2158 promi,
584 2109 628 2148 in
649 2122 731 2161 quo
753 2106 1101 2159 comprehensum
1121 2107 1168 2147 fit
1188 2107 1337 2160 aliquis
1345 2120 1361 2153 ‚·
1394 2106 1475 2145 hoc
1505 2119 1574 2144 au-

264 2178 354 2210 tem
381 2173 562 2214 maxime
590 2176 817 2214 convenire
847 2175 955 2213 loco.
1041 2174 1155 2212 Tum
1185 2174 1307 2212 colon
1336 2170 1454 2211 ‘tollas
1483 2171 1575 2224 post

267 2238 414 2283 minus,
442 2249 484 2279 et
506 2240 632 2279 verba
643 2236 724 2299 Jed
746 2263 809 2270 -—-
843 2241 977 2278 minus
999 2239 1156 2288 duabgis
1178 2239 1349 2292 virgulis
1371 2250 1571 2278 coerceas.

266 2301 491 2346 Meliorem
515 2308 711 2359 equidem
728 2319 822 2346 ¹non
841 2307 1001 2359 reperio
1025 2305 1427 2357 interpretationem.

367 2416 404 2448 1,
448 2417 484 2450 1,
525 2419 595 2445 11.
632 2406 756 2445 velim
789 2424 855 2432 —
886 2399 1080 2462 affiduus.
1125 2402 1312 2445 Adderad
1330 2411 1420 2442 not.
1443 2401 1573 2443 Crit.:

268 2466 349 2507 Sed
371 2482 406 2508 c.
434 2481 472 2516 2⁴,
510 2480 536 2520 5
575 2468 756 2530 afficluus
781 2473 831 2509 de
853 2471 986 2509 amico
1021 2471 1088 2508 vel
1117 2470 1282 2508 liberto.
1354 2470 1483 2522 Quod
1505 2482 1574 2506 au-

270 2540 357 2573 tem
392 2537 457 2587 (p.
483 2542 541 2587 25
566 2539 697 2585 extr.)
733 2537 819 2575 dixi
848 2548 952 2575 unus
972 2530 1088 2594 affui.
1117 2531 1480 2579 finesubstantivo‚'
1513 2535 1575 2572 in-

271 2601 437 2651 tellecto
460 2602 613 2649 saltem,
649 2603 726 2644 effe
748 2604 922 2649 durum,
956 2602 1082 2641 habes
1123 2615 1160 2646 ι,
1199 2614 1270 2646 ιι,
1313 2607 1372 2652 14
1401 2598 1576 2652 diligens
