1656 2990
363 143 526 190 INST.
558 142 836 214 ORATOR.
871 143 992 188 ΠΒ.
1020 144 1114 200 ΙΙΙ,
1151 153 1198 197 8·
1362 153 1458 198 583

125 285 230 334 que
258 270 467 319 animus
501 266 752 318 facillime
784 279 1038 327 terretur,
1075 266 1250 318 nescio
1283 283 1350 316 an
1382 277 1458 316 et·
1492 311 1497 314 .

123 347 231 395 iam
274 346 582 396 naturaliter
625 346 768 413 apud.
807 340 1071 413 plui-imos
1114 346 1232 412 plus
1283 344 1457 394 valeat

120 423 388 473 malorum
422 423 608 481 timor,
647 441 806 489 quam
838 421 950 490 spes
980 424 1273 472 bonorum:
1323 419 1457 471 ficut

119 497 328 550 facilior
354 498 557 552 eisdem
583 502 848 567 turpium,
901 516 1061 566 quam
1091 497 1455 556 honestorum,

120 577 419 626 intellectus
442 575 526 624 est.
602 577 905 643 Aliquando
919 578 1075 627 bonis
1097 593 1315 642 quoque
1337 574 1509 627 sua-4¹

119 651 316 702 'dentur
346 670 535 720 parurn
579 653 793 705 decora:
854 655 1048 703 dantur
1078 671 1267 719 parum
1298 653 1456 702 bonis

119 728 362 789 consilia,
399 733 459 779 in
494 731 688 795 quibus
718 730 983 798 ipsorum,
1024 733 1121 797 qui
1152 728 1456 787 consulunt,

115 804 377 871 spectatur
412 808 627 858 utilitas.
707 811 824 858 Nec
865 827 950 858 me
987 806 1150 865 fallit,
1190 824 1325 872 quae
1359 803 1455 854 sta-

24 900 103 941 ³281
117 882 215 930 tim
238 885 487 950 cogitatio
506 884 683 934 subire
703 885 850 952 poffit
864 887 1151 951 legentem:
1192 888 1308 934 Hoc
1326 900 1452 948 ergo

110 962 405 1026 praecipis?
445 973 498 1011 et
515 963 619 1011 hoc
646 962 720 1012 fas
744 964 931 1028 putas?
972 965 1178 1011 Poterat
1205 979 1290 1010 me
1319 961 1450 1008 libe-
1460 972 1512 1013 42

111 1051 227 1084 rare
251 1039 468 1097 Cicero,
509 1042 604 1104 qui
637 1041 709 1088 ita
735 1038 914 1089 scribit
940 1039 1005 1087 ad
1034 1041 1287 1095 Brutum,
1326 1054 1451 1102 pro-

110 1111 291 1178 pofitis
315 1116 579 1182 plurimis,
619 1134 751 1183 quae
773 1115 990 1167 honeste
1012 1115 1223 1165 suaderi
1246 1112 1451 1164 Caesari

117 1304 120 1307 -
161 1280 164 1285 '
200 1281 352 1318 liberare
372 1283 444 1318 cic.
502 1281 622 1318 Omifi
642 1282 701 1318 M
716 1291 800 1317 ante
823 1282 894 1317 cic.
925 1294 1010 1317 cum
1040 1281 1167 1317 Turic.
1198 1279 1323 1317 Guelf.
1347 1278 1449 1314 Alm.

107 1336 224 1372 Goth.
255 1339 350 1382 (tac.
385 1338 515 1382 Gesn.)
544 1338 639 1374 Edd.
669 1348 753 1374 ante
781 1337 865 1374 Ald.
899 1350 1026 1373 omnes
1057 1339 1094 1373 C.
1126 1347 1273 1386 ponunt
1293 1348 1363 1385 pro
1382 1336 1448 1370 M.

109 1393 184 1439 (de
201 1395 296 1432 Jenl‘.
322 1404 388 1429 tac.
412 1394 546 1439 Gesn.)
576 1395 680 1443 quod
702 1407 806 1430 mero
837 1395 957 1430 errori
983 1394 1062 1443 post
1081 1408 1100 1430 e
1120 1395 1160 1429 in
1183 1394 1332 1430 liberare
1363 1402 1446 1426 ante

111 1450 150 1486 C.
182 1450 456 1498 imputandum.
513 1451 559 1485 cf.
589 1461 670 1485 not.
699 1451 794 1486 Crit.
825 1450 869 1485 ad
893 1464 926 1490 ι,
957 1463 1017 1490 ιο,
1043 1457 1082 1497 4.

186 1505 336 1555 suaderi
366 1526 418 1535 —
447 1505 600 1557 poffsnt.
658 1505 787 1542 Turio.
818 1505 918 1541 Alm.
958 1506 1059 1541 Voff.
1092 1514 1129 1549 3.
1164 1503 1199 1553 s-
1219 1523 1275 1532 —-
1300 1501 1445 1551 poffint.

109 1560 232 1598 Guelf.
253 1561 411 1613 poffunt.
467 1562 563 1597 Edd.
588 1562 739 1610 quidem
762 1574 888 1597 omnes
909 1575 1009 1597 meae
1031 1561 1289 1610 imperfectum
1303 1584 1312 1599 ,
1342 1571 1446 1606 quas,

106 1616 170 1653 vel
188 1627 318 1653 contra
335 1617 539 1666 praeclaros
560 1618 678 1655 codd.
690 1643 700 1658 ,
730 1618 831 1666 sequi
850 1618 982 1654 debere
1001 1617 1098 1652 mihi
1119 1616 1286 1652 videbar.
1334 1614 1447 1662 Quod

106 1673 206 1708 enim
226 1674 326 1722 typis
343 1675 429 1723 iplis
453 1674 670 1726 fignificavi:
700 1674 815 1710 verba
834 1675 923 1710 haec
942 1672 1091 1722 propos.
1114 1693 1169 1702 --
1187 1672 1327 1723 poffent
1355 1682 1446 1705 non-

105 1729 196 1765 dum
220 1730 301 1765 sunt
324 1731 528 1770 Ciceronis,
557 1744 692 1767 verum
714 1729 826 1779 ipsius
846 1729 1090 1778 Quintiliani3
1124 1742 1237 1778 quam
1260 1728 1445 1762 rationem

106 1785 174 1822 soli
201 1785 322 1822 adhue
350 1796 550 1822 tenuerunt
576 1789 684 1823 Ruso.
722 1787 861 1823 Badius
899 1787 939 1821 in
976 1786 1103 1835 priore
1130 1786 1210 1825 ed.‚
1256 1783 1444 1822 Rollinus,

157 1919 242 1968 plus
255 1919 376 1956 valeat
397 1941 452 1949 -—
472 1921 671 1956 intellectus
680 1918 743 1970 eft.
801 1918 988 1959 suadebis,
1018 1919 1121 1968 quod
1148 1918 1195 1954 est
1216 1927 1343 1954 contra
1369 1917 1444 1952 sua-

105 1975 357 2012 Commodum
371 1977 534 2012 Pseudo-
546 1977 744 2012 Turnebus
800 1976 890 2011 soris
911 1977 1034 2011 fidem.
1082 1978 1183 2011 Haec
1199 1973 1350 2022 quidem
1371 1974 1445 2008 sen-

31 2054 33 2056 ·
106 2030 249 2083 ablegat
269 2032 315 2066 ad
337 2031 414 2068 Cic.
435 2034 580 2068 Partitt.
601 2034 689 2070 Orr.
713 2045 743 2067 c.
802 2032 935 2071 tentia,
965 2044 1058 2079 quae
1089 2045 1173 2066 cum
1193 2030 1323 2081 'rigida
1348 2030 1444 2064 Stoi-

10 2091 45 2098 ⁰
107 2087 172 2122 26.
213 2088 311 2123 uude
348 2087 439 2123 haec
476 2088 639 2124 hauserit
672 2091 744 2136 Qu.
801 2101 931 2123 corum
944 2089 1089 2123 virtute
1108 2100 1183 2122 non
1197 2087 1344 2135 prorsus
1358 2098 1442 2120 con-

103 2143 355 2183 22Vidend11m,
383 2155 525 2192 quanto
545 2145 662 2196 magis
680 2144 747 2179 ho·
801 2146 935 2193 spirat,
972 2157 1019 2179 ex
1042 2143 1234 2180 Ciceronis
1257 2141 1440 2190 exemplo,

21 2202 30 2212 “
103 2201 246 2239 „mines
266 2199 360 2235 mala
379 2201 538 2252 fugiant,
567 2214 677 2249 quam
695 2202 741 2235 se-
798 2201 900 2249 quod
923 2213 1014 2235 mox
1035 2199 1192 2251 legetur,
1221 2208 1381 2247 apparet.

102 2265 287 2304 „quantur
322 2255 431 2292 bona.
488 2259 588 2294 Nam
620 2269 741 2304 neque
859 2258 932 2292 Hoc
950 2277 1005 2284 —
1025 2258 1214 2305 praecipis.
1264 2253 1381 2291 Valde
1399 2255 1441 2288 fi-

101 2311 273 2352 „honesta
302 2322 376 2347 tam
399 2323 598 2362 expetunt,
628 2325 740 2361 quam
793 2312 899 2347 milis
938 2313 1058 2347 oratio
1099 2312 1147 2346 est
1178 2309 1366 2346 Ciceronis
1400 2319 1438 2344 et

101 2367 295 2408 „devitant
318 2369 479 2417 turpia.“
505 2379 572 2404 cet.
797 2369 909 2416 ipfins
930 2370 962 2403 se
984 2369 1082 2416 quasi
1110 2366 1340 2418 objurgantis
1365 2368 1438 2401 Pro

158 2422 540 2472 ipsorum—utilitas.
570 2423 740 2472 Quicum
800 2423 902 2473 Coel.
935 2437 965 2459 c.
992 2434 1054 2466 17.
1094 2425 1218 2463 „Haec
1243 2423 1363 2474 igitur
1389 2421 1438 2456 est

101 2478 168 2527 ipfi
193 2481 261 2514 fint
284 2480 394 2519 mali,
424 2493 471 2515 ne
490 2480 636 2516 confilia
657 2480 739 2527 qui·
794 2489 883 2520 „tua
913 2478 1133 2528 disciplina?
1176 2479 1236 2514 Sic
1266 2489 1307 2514 tu
1338 2477 1436 2513 insti-

102 2534 199 2574 dem‚
229 2535 363 2571 talibus
384 2535 490 2572 utilia
511 2538 650 2574 sutura,
673 2548 739 2583 po-
793 2535 895 2575 „tuis
914 2535 1191 2572 adolescentes-‘⁶
1215 2543 1282 2569 cet.
1325 2534 1372 2569 cf.
1393 2547 1431 2583 9,

101 2599 228 2625 terunt
254 2591 363 2628 valde
391 2591 487 2627 bona
520 2593 609 2633 effe;
650 2591 738 2626 alio·
795 2601 834 2631 2,
867 2598 928 2634 15.

101 2647 180 2694 qui,
200 2646 364 2699 neglecta
383 2648 650 2683 consulentium
668 2647 739 2682 uti·
844 2645 996 2696 suaderi
1007 2645 1221 2698 —poffent.
1251 2644 1331 2682 vid.
1350 2654 1431 2680 not.

101 2700 223 2743 litate,
277 2703 424 2753 publice
455 2714 599 2740 tantum
629 2703 739 2740 utilia
796 2702 890 2740 Crit.
