1656 2990
365 153 532 200 1NsT.
569 153 847 202 ORATOR.
880 153 1002 200 Lm.
1037 148 1134 210 111,
1171 153 1216 199 6.
1363 164 1462 215 519

21 289 30 347 J
100 274 377 344 scriptum
411 279 499 340 fit,
555 276 866 350 Negotialis
898 275 1005 349 est,
1065 282 1117 328 in
1153 293 1284 344 qua,
1333 277 1466 342 quid

38 380 46 415 ι,
105 346 249 420 juris
276 373 343 406 ex
377 358 518 407 civili
546 375 686 407 more
715 368 766 406 ec
796 360 1058 422 aequitate
1076 352 1179 428 fit,
1235 349 1459 425 conside-

118 442 296 480 ratur.-
354 437 436 482 cui
468 435 769 503 diligentiae
799 429 1040 507 praeqff'e
1073 432 1220 497 apud
1251 449 1342 480 nos
1364 429 1457 495 ju-

55 565 62 574 ,
117 503 406 580 risconsulci
435 507 807 580 existimantur.
889 510 992 560 Sed
1017 508 1167 575 quod.
1189 507 1352 574 ipsius
1385 506 1451 555 de
1464 515 1518 559 59

113 583 199 634 his
228 585 378 636 libris
413 586 678 649 judicium
706 586 894 645 fuerit,
931 585 1087 653 supra
1119 586 1244 634 dixi.
1324 586 1457 633 Sunt

54 689 63 705 ι
112 662 260 710 enim
299 663 454 712 velut
499 664 725 731 regestae
777 666 836 714 in
887 664 987 714 hos
1030 654 1456 718 commentarios,

111 753 251 802 quos
297 739 596 792 adolescens
639 741 952 802 deduxerat,
1009 740 1243 789 scholae:
1318 748 1370 787 et
1413 736 1453 786 fi

20 828 218 880 254qua
241 814 315 864 est
339 818 399 865 in
429 818 513 867 his
544 819 725 884 culpa,
762 817 1014 867 tradentis
1035 815 1137 866 est:
1187 814 1292 865 five
1326 832 1462 864 011111

107 893 308 951 movit,
348 894 498 959 quod
522 900 867 962 Hermagoras
893 897 1066 961 prima
1102 895 1160 942 in
1190 893 1296 942 1100
1329 892 1451 941 1000

12 1032 16 1033 ⁷
77 967 287 1034 ⁴posuit
319 974 558 1037 exempla
593 989 657 1021 ex
689 963 1086 1039 quaestionibus
1116 971 1272 1032 juris;
1326 967 1452 1026 slve,

104 1045 258 1111 quod.
284 1048 470 1096 Graeci
500 1050 852 1117 πραγματικῶς
895 1059 1088 1099 vocant
1127 1047 1260 1110 juris
1289 1047 1454 1095 inter-

179 1186 358 1239 scriptum
367 1187 435 1240 fit.
491 1187 592 1226 Alm.
615 1199 652 1226 et
672 1191 800 1226 Turio.
822 1190 894 1240 scr.
915 1190 977 1241 eft,
1007 1190 1086 1227 soli.

185 1244 347 1294 regestae
374 1266 432 1274 —
453 1244 614 1295 scholae.
671 1247 840 1296 Expreffi
871 1249 1087 1295 scripturam
1120 1244 1239 1281 codd.
1258 1243 1358 1281 Alm.
1389 1256 1453 1279 ve·

45 1336 50 1338 .
104 1300 192 1337 teris
212 1301 420 1337 Florentiui
451 1302 544 1346 (ref.
568 1303 716 1354 Regio)
748 1313 796 1343 et,
823 1304 891 1339 nifi
913 1304 1034 1343 fallor,
1063 1301 1192 1338 Turic.
1214 1311 1321 1349 atque
1341 1299 1451 1335 Bodl.

104 1357 173 1404 qui
193 1371 212 1392 a
233 1358 507 1394 conferentibus
530 1357 693 1395 filentur.
763 1362 808 1395 In
835 1373 908 1408 qua
938 1360 978 1395 id
1009 1371 1128 1395 unum
1160 1357 1307 1393 mutavi
1327 1370 1373 1391 ex
1396 1368 1452 1391 re-

102 1413 312 1448 centiorum
335 1427 356 1449 a
376 1415 523 1450 Stoerio
544 1415 631 1450 iude
650 1416 806 1454 ratione,
832 1426 963 1465 utspro
986 1428 1116 1451 eorum
1146 1429 1233 1463 quas
1253 1412 1449 1449 scriberem

103 1482 210 1519 quos,
252 1470 466 1506 auctoribus
497 1470 616 1507 Codd.
646 1471 748 1507 Alm.
779 1473 906 1507 Turio.
942 1471 1066 1508 Guelf.
1097 1469 1214 1506 Goth.
1241 1468 1449 1517 multisque

100 1535 288 1574 praeterea
319 1535 364 1561 ut
389 1536 426 1561 et
457 1526 540 1561 edd.
566 1536 649 1562 ante
671 1527 815 1576 Grypll·
839 1528 932 1563 meis
951 1525 1139 1562 omnibus.
1196 1525 1332 1573 Aptius
1353 1524 1451 1560 mihi

101 1580 323 1621 videbatur,
353 1585 620 1619 commentarios
641 1597 660 1617 a
680 1585 860 1620 Cicerone
883 1584 1054 1619 deductos
1077 1582 1173 1621 dici,
1215 1594 1325 1628 quam
1341 1579 1449 1628 scho-

101 1637 175 1677 las,
205 1651 298 1685 quae
317 1649 396 1673 non
417 1639 500 1674 sunt
527 1638 660 1687 ipsius,
698 1639 756 1675 sed
784 1640 975 1675 tradentis.
1034 1640 1210 1683 Ceterum
1232 1635 1354 1673 Guelf.
1378 1648 1448 1684 pro

101 1691 265 1742 regestae
283 1693 346 1729 dat
367 1708 423 1730 res
440 1693 585 1744 gestae,
618 1708 688 1743 pro
710 1695 880 1745 scholae,
913 1695 1064 1744 schola,
1105 1707 1190 1729 cum
1213 1692 1342 1728 multis
1364 1692 1446 1726 aliis

100 1759 318 1798 utrumque.
378 1750 478 1786 Male
505 1750 657 1786 reduxit
685 1754 839 1800 Capper.
870 1752 1013 1798 aliquot
1043 1751 1215 1800 priorum
1249 1749 1331 1784 edd.
1364 1748 1448 1784 scri·

100 1816 269 1854 pturam:
319 1820 375 1843 res
405 1805 567 1855 regestae
597 1828 654 1836 —
683 1822 774 1858 quas
802 1828 858 1836 -—
881 1806 1029 1857 schola,
1069 1819 1161 1854 quae
1190 1806 1230 1840 in
1259 1804 1367 1839 nullo
1397 1804 1445 1839 est

102 1861 196 1898 Cod.
428 1865 540 1898 movit
568 1865 677 1913 quod.
705 1868 709 1874 ¹
736 1864 860 1900 Guelf.
890 1863 1018 1899 Turio.
1050 1877 1142 1898 mov.
1164 1862 1203 1897 id
1223 1876 1282 1911 qu.
1328 1860 1442 1897 Goth.

98 1922 195 1965 (tac.
219 1919 355 1963 Gesn.)
383 1931 477 1954 mov.
501 1921 572 1968 qui.
630 1922 713 1956 Hoc
730 1920 969 1970 praepostere,
998 1918 1095 1955 illud
1111 1918 1259 1955 fortaffe
1278 1927 1387 1954 recte.

134 2018 139 2021 γ
183 1974 276 2011 loco.
332 1975 448 2010 Goth.
481 1976 584 2011 lIbro.
634 1977 714 2012 vid.
745 1990 779 2017 1,
812 1989 884 2016 10,
917 1981 980 2021 ²8·
1426 1978 1429 1979 ’

150 2085 270 2137 [μρνα
291 2087 384 2122 dixi.
440 2086 520 2123 vid.
542 2096 579 2131 3,
610 2095 647 2132 5,
678 2096 740 2133 15.

157 2141 319 2192 regestae
353 2162 407 2171 —-
437 2142 600 2192 scholae.
655 2145 742 2186 „Hi

96 2198 214 2240 „libri
231 2198 329 2234 nihil
349 2198 450 2235 aliud
461 2200 544 2234 sunt
556 2200 623 2234 nisi
636 2200 742 2251 scho-

97 2257 180 2296 „lae
213 2254 277 2299 (h.
300 2268 331 2290 e.
362 2255 630 2304 disputationes
659 2257 742 2292 rhe-

70 2352 71 2355 ,
97 2312 215 2352 „toris
247 2311 294 2346 cf.
317 2320 362 2354 5,
397 2325 431 2350 1,
463 2318 512 2359 14
532 2322 568 2347 et
586 2313 740 2358 Lexica)

67 2413 72 2418 ἡ
97 2368 163 2408 „in
187 2368 504 2407 Commentarios,
534 2380 627 2415 quos
656 2369 742 2404 ado-

98 2423 256 2464 „lefcens
283 2425 477 2459 contexuit
503 2424 656 2465 Cicero,
686 2438 741 2459 re-

98 2478 255 2519 „latae.“
310 2480 370 2514 Sic
403 2490 451 2519 2,
486 2493 554 2520 11,
587 2491 608 2523 7
643 2495 742 2529 rege-

98 2545 182 2572 runt
210 2537 428 2584 usurpatur,
468 2550 488 2570 a
517 2549 592 2584 quo
622 2536 741 2572 verbo

98 2591 340 2640 repetendum
374 2592 422 2627 est
462 2590 589 2640 (recte
621 2593 742 2629 obser-

99 2657 212 2683 vante
245 2647 366 2699 Regio
397 2657 435 2683 et
453 2649 579 2687 Vossio
610 2649 655 2684 de
686 2648 744 2685 vi-

101 2702 167 2739 tii·
184 2704 290 2740 [erm.
311 2716 349 2753 p.
363 2706 447 2752 74.)
466 2703 663 2741 barbarum
677 2717 745 2741 vo-

797 2087 992 2125 nabulum:
1023 2084 1223 2136 registrum.
1283 2085 1444 2121 Deduca-

796 2159 833 2181 re
852 2155 977 2180 autern
1009 2143 1056 2178 de
1085 2142 1148 2178 filo
1168 2142 1338 2177 nentium
1358 2153 1444 2189 pro-

795 2201 877 2251 prie
917 2201 1082 2238 dictum,
1143 2198 1367 2233 transfertur
1397 2196 1441 2232 ad

797 2257 944 2296 omnia,
984 2256 1095 2291 etiam
1125 2254 1291 2306 ingenii,
1320 2266 1442 2302 opera.

797 2314 844 2348 cf.
872 2318 922 2359 4,
957 2325 1001 2351 1,
1032 2311 1083 2347 60
1125 2311 1168 2346 it.
1201 2316 1248 2355 8,
1281 2320 1326 2350 2,
1356 2322 1381 2358 9
1419 2322 1441 2344 e

796 2368 978 2420 Virgilio.
1038 2366 1119 2403 vid.
1166 2365 1356 2402 Drakenb.
1395 2364 1441 2401 ad

797 2426 887 2462 Liv.
917 2433 963 2468 5,
992 2430 1068 2468 58,
1102 2436 1135 2458 1.
1180 2433 1253 2462 21,
1283 2431 1357 2467 55,
1400 2429 1440 2465 5.

797 2484 929 2518 Burm.
942 2479 987 2515 ad
999 2479 1116 2516 ovid.
1128 2480 1257 2514 Amor.
1274 2493 1307 2518 1,
1325 2484 1386 2526 14,
1402 2488 1438 2522 7.

854 2536 1047 2575 tradentis,
1085 2548 1219 2583 quem,
1249 2535 1333 2584 quis
1362 2535 1442 2570 fue-

798 2593 862 2633 rit,
891 2593 1110 2644 ignoramus
1131 2591 1255 2627 hodie.

854 2644 1236 2700 κραγματικούς.
1297 2648 1374 2683 Cic.
1395 2645 1442 2681 de

800 2706 870 2742 Or.
909 2718 953 2746 ι,
992 2711 1059 2754 45.
1116 2703 1254 2754 „Apud
1284 2705 1442 2740 Graeco·
