<?xml version="1.0" encoding="UTF-8"?>
<!DOCTYPE html PUBLIC "-//W3C//DTD XHTML 1.0 Transitional//EN"
    "http://www.w3.org/TR/xhtml1/DTD/xhtml1-transitional.dtd">
<html xmlns="http://www.w3.org/1999/xhtml" xml:lang="en" lang="en">
 <head>
  <title>
</title>
<meta http-equiv="Content-Type" content="text/html;charset=utf-8" />
  <meta name='ocr-system' content='tesseract 3.04.00' />
  <meta name='ocr-capabilities' content='ocr_page ocr_carea ocr_par ocr_line ocrx_word'/>
</head>
<body>
  <div class='ocr_page' id='page_1' title='image "./deinstitutioneor01quinuoft_0027.png"; bbox 0 0 1656 2990; ppageno 0'>
   <div class='ocr_carea' id='block_1_1' title="bbox 452 986 1036 1048">
    <p class='ocr_par' dir='ltr' id='par_1_1' title="bbox 452 986 1036 1048">
     <span class='ocr_line' id='line_1_1' title="bbox 452 986 1036 1048; baseline 0.003 -2"><span class='ocrx_word' id='word_1_1' title='bbox 452 986 1036 1048; x_wconf 84' lang='lat' dir='ltr'><strong>PRAEFATIO.</strong></span> 
     </span>
    </p>
   </div>
   <div class='ocr_carea' id='block_1_2' title="bbox 47 1268 1420 2878">
    <p class='ocr_par' dir='ltr' id='par_1_2' title="bbox 47 1268 1420 2878">
     <span class='ocr_line' id='line_1_2' title="bbox 66 1268 1412 1359; baseline -0.001 -12"><span class='ocrx_word' id='word_1_2' title='bbox 66 1268 235 1359; x_wconf 84' lang='lat' dir='ltr'><strong>Non</strong></span> <span class='ocrx_word' id='word_1_3' title='bbox 267 1292 375 1345; x_wconf 85' lang='lat' dir='ltr'><strong>fine</strong></span> <span class='ocrx_word' id='word_1_4' title='bbox 402 1292 727 1345; x_wconf 81' lang='lat' dir='ltr'><strong>verecundia</strong></span> <span class='ocrx_word' id='word_1_5' title='bbox 761 1303 815 1342; x_wconf 84' lang='lat' dir='ltr'><strong>et</strong></span> <span class='ocrx_word' id='word_1_6' title='bbox 846 1291 1190 1345; x_wconf 80' lang='lat' dir='ltr'>solicitudine</span> <span class='ocrx_word' id='word_1_7' title='bbox 1218 1274 1412 1347; x_wconf 80' lang='lat' dir='ltr'><strong>accedo</strong></span> 
     </span>
     <span class='ocr_line' id='line_1_3' title="bbox 69 1384 1414 1452; baseline 0 -16"><span class='ocrx_word' id='word_1_8' title='bbox 69 1386 138 1438; x_wconf 88' lang='lat' dir='ltr'><strong>ad</strong></span> <span class='ocrx_word' id='word_1_9' title='bbox 157 1387 420 1437; x_wconf 82' lang='lat' dir='ltr'><strong>rationem</strong></span> <span class='ocrx_word' id='word_1_10' title='bbox 443 1386 605 1448; x_wconf 83' lang='lat' dir='ltr'><strong>hujus</strong></span> <span class='ocrx_word' id='word_1_11' title='bbox 635 1386 809 1451; x_wconf 85' lang='lat' dir='ltr'><strong>operis</strong></span> <span class='ocrx_word' id='word_1_12' title='bbox 839 1402 866 1432; x_wconf 84' lang='lat' dir='ltr'>a</span> <span class='ocrx_word' id='word_1_13' title='bbox 893 1403 979 1433; x_wconf 89' lang='lat' dir='ltr'><strong>me</strong></span> <span class='ocrx_word' id='word_1_14' title='bbox 1003 1384 1245 1452; x_wconf 84' lang='lat' dir='ltr'><strong>suscepti,</strong></span> <span class='ocrx_word' id='word_1_15' title='bbox 1286 1391 1414 1448; x_wconf 80' lang='lat' dir='ltr'><strong>jam-</strong></span> 
     </span>
     <span class='ocr_line' id='line_1_4' title="bbox 71 1474 1410 1542; baseline 0.001 -16"><span class='ocrx_word' id='word_1_16' title='bbox 71 1494 178 1542; x_wconf 88' lang='lat' dir='ltr'><strong>que</strong></span> <span class='ocrx_word' id='word_1_17' title='bbox 217 1493 282 1526; x_wconf 83' lang='lat' dir='ltr'><strong>ex</strong></span> <span class='ocrx_word' id='word_1_18' title='bbox 319 1487 506 1542; x_wconf 81' lang='lat' dir='ltr'><strong>quarta</strong></span> <span class='ocrx_word' id='word_1_19' title='bbox 543 1486 690 1542; x_wconf 80' lang='lat' dir='ltr'><strong>parte</strong></span> <span class='ocrx_word' id='word_1_20' title='bbox 725 1474 1018 1542; x_wconf 82' lang='lat' dir='ltr'><strong>profligati,</strong></span> <span class='ocrx_word' id='word_1_21' title='bbox 1066 1477 1410 1528; x_wconf 80' lang='lat' dir='ltr'><strong>reddendam.</strong></span> 
     </span>
     <span class='ocr_line' id='line_1_5' title="bbox 68 1565 1413 1633; baseline 0 -16"><span class='ocrx_word' id='word_1_22' title='bbox 68 1570 213 1618; x_wconf 88' lang='lat' dir='ltr'>Inter</span> <span class='ocrx_word' id='word_1_23' title='bbox 251 1565 427 1633; x_wconf 84' lang='lat' dir='ltr'><strong>ipsum</strong></span> <span class='ocrx_word' id='word_1_24' title='bbox 472 1567 618 1615; x_wconf 91' lang='lat' dir='ltr'><strong>enim</strong></span> <span class='ocrx_word' id='word_1_25' title='bbox 660 1566 926 1624; x_wconf 77' lang='lat' dir='ltr'><strong>laborem,</strong></span> <span class='ocrx_word' id='word_1_26' title='bbox 988 1566 1122 1616; x_wconf 87' lang='lat' dir='ltr'><strong>dum</strong></span> <span class='ocrx_word' id='word_1_27' title='bbox 1162 1568 1251 1616; x_wconf 88' lang='lat' dir='ltr'><strong>hic</strong></span> <span class='ocrx_word' id='word_1_28' title='bbox 1298 1569 1413 1617; x_wconf 86' lang='lat' dir='ltr'><strong>illic</strong></span> 
     </span>
     <span class='ocr_line' id='line_1_6' title="bbox 69 1655 1415 1724; baseline 0 -16"><span class='ocrx_word' id='word_1_29' title='bbox 69 1658 330 1724; x_wconf 86' lang='lat' dir='ltr'><strong>quaedam</strong></span> <span class='ocrx_word' id='word_1_30' title='bbox 362 1674 476 1708; x_wconf 89' lang='lat' dir='ltr'><strong>non</strong></span> <span class='ocrx_word' id='word_1_31' title='bbox 504 1658 578 1705; x_wconf 82' lang='lat' dir='ltr'><strong>ita</strong></span> <span class='ocrx_word' id='word_1_32' title='bbox 600 1657 737 1706; x_wconf 83' lang='lat' dir='ltr'><strong>male</strong></span> <span class='ocrx_word' id='word_1_33' title='bbox 763 1655 1044 1722; x_wconf 76' lang='lat' dir='ltr'><strong>expediisse</strong></span> <span class='ocrx_word' id='word_1_34' title='bbox 1076 1658 1176 1707; x_wconf 87' lang='lat' dir='ltr'><strong>tibi</strong></span> <span class='ocrx_word' id='word_1_35' title='bbox 1197 1658 1415 1717; x_wconf 78' lang='lat' dir='ltr'><strong>videriS,</strong></span> 
     </span>
     <span class='ocr_line' id='line_1_7' title="bbox 69 1745 1420 1815; baseline -0.001 -17"><span class='ocrx_word' id='word_1_36' title='bbox 69 1747 311 1813; x_wconf 87' lang='lat' dir='ltr'><strong>dumque</strong></span> <span class='ocrx_word' id='word_1_37' title='bbox 339 1745 554 1812; x_wconf 86' lang='lat' dir='ltr'><strong>fingulis</strong></span> <span class='ocrx_word' id='word_1_38' title='bbox 585 1748 913 1805; x_wconf 84' lang='lat' dir='ltr'><strong>immoraris,</strong></span> <span class='ocrx_word' id='word_1_39' title='bbox 957 1750 1168 1814; x_wconf 85' lang='lat' dir='ltr'><strong>parcius</strong></span> <span class='ocrx_word' id='word_1_40' title='bbox 1194 1759 1420 1815; x_wconf 86' lang='lat' dir='ltr'><strong>occupat</strong></span> 
     </span>
     <span class='ocr_line' id='line_1_8' title="bbox 70 1821 1416 1904; baseline 0 -16"><span class='ocrx_word' id='word_1_41' title='bbox 70 1839 313 1888; x_wconf 82' lang='lat' dir='ltr'><strong>animum</strong></span> <span class='ocrx_word' id='word_1_42' title='bbox 361 1847 413 1886; x_wconf 89' lang='lat' dir='ltr'><strong>et</strong></span> <span class='ocrx_word' id='word_1_43' title='bbox 458 1835 584 1885; x_wconf 85' lang='lat' dir='ltr'><strong>ferit</strong></span> <span class='ocrx_word' id='word_1_44' title='bbox 610 1821 794 1885; x_wconf 54' lang='lat' dir='ltr'><strong>&#39;totius</strong></span> <span class='ocrx_word' id='word_1_45' title='bbox 832 1839 1039 1902; x_wconf 84' lang='lat' dir='ltr'><strong>negotii</strong></span> <span class='ocrx_word' id='word_1_46' title='bbox 1083 1839 1416 1904; x_wconf 83' lang='lat' dir='ltr'><strong>magnitudo,</strong></span> 
     </span>
     <span class='ocr_line' id='line_1_9' title="bbox 73 1927 1418 1995; baseline 0.001 -19"><span class='ocrx_word' id='word_1_47' title='bbox 73 1945 235 1994; x_wconf 89' lang='lat' dir='ltr'><strong>quam</strong></span> <span class='ocrx_word' id='word_1_48' title='bbox 268 1927 368 1977; x_wconf 91' lang='lat' dir='ltr'><strong>ubi</strong></span> <span class='ocrx_word' id='word_1_49' title='bbox 403 1936 639 1975; x_wconf 87' lang='lat' dir='ltr'><strong>remotus</strong></span> <span class='ocrx_word' id='word_1_50' title='bbox 674 1927 960 1992; x_wconf 82' lang='lat' dir='ltr'><strong>paululum</strong></span> <span class='ocrx_word' id='word_1_51' title='bbox 1004 1928 1067 1976; x_wconf 85' lang='lat' dir='ltr'><strong>ab</strong></span> <span class='ocrx_word' id='word_1_52' title='bbox 1105 1945 1190 1987; x_wconf 84' lang='lat' dir='ltr'><strong>ea,</strong></span> <span class='ocrx_word' id='word_1_53' title='bbox 1253 1946 1418 1995; x_wconf 86' lang='lat' dir='ltr'><strong>quam</strong></span> 
     </span>
     <span class='ocr_line' id='line_1_10' title="bbox 71 2016 1414 2086; baseline 0.004 -22"><span class='ocrx_word' id='word_1_54' title='bbox 71 2033 246 2083; x_wconf 81' lang='lat' dir='ltr'>paras,</span> <span class='ocrx_word' id='word_1_55' title='bbox 312 2017 515 2075; x_wconf 85' lang='lat' dir='ltr'><strong>tabula,</strong></span> <span class='ocrx_word' id='word_1_56' title='bbox 586 2033 615 2063; x_wconf 90' lang='lat' dir='ltr'><strong>e</strong></span> <span class='ocrx_word' id='word_1_57' title='bbox 663 2016 966 2083; x_wconf 85' lang='lat' dir='ltr'><strong>longinquo</strong></span> <span class='ocrx_word' id='word_1_58' title='bbox 1023 2020 1414 2086; x_wconf 83' lang='lat' dir='ltr'><strong>contemplaris.</strong></span> 
     </span>
     <span class='ocr_line' id='line_1_11' title="bbox 74 2105 1417 2178; baseline 0.001 -21"><span class='ocrx_word' id='word_1_59' title='bbox 74 2107 253 2157; x_wconf 85' lang='lat' dir='ltr'><strong>Multa</strong></span> <span class='ocrx_word' id='word_1_60' title='bbox 296 2105 421 2156; x_wconf 81' lang='lat' dir='ltr'><strong>sunt</strong></span> <span class='ocrx_word' id='word_1_61' title='bbox 468 2116 522 2153; x_wconf 87' lang='lat' dir='ltr'><strong>et</strong></span> <span class='ocrx_word' id='word_1_62' title='bbox 563 2106 710 2153; x_wconf 82' lang='lat' dir='ltr'><strong>varia</strong></span> <span class='ocrx_word' id='word_1_63' title='bbox 756 2123 892 2172; x_wconf 83' lang='lat' dir='ltr'><strong>quae</strong></span> <span class='ocrx_word' id='word_1_64' title='bbox 946 2110 1283 2178; x_wconf 79' lang='lat' dir='ltr'><strong>Quintiliano</strong></span> <span class='ocrx_word' id='word_1_65' title='bbox 1325 2109 1417 2159; x_wconf 88' lang='lat' dir='ltr'><strong>de-</strong></span> 
     </span>
     <span class='ocr_line' id='line_1_12' title="bbox 74 2194 1418 2255; baseline 0.004 -10"><span class='ocrx_word' id='word_1_66' title='bbox 74 2196 301 2246; x_wconf 86' lang='lat' dir='ltr'><strong>beantur</strong></span> <span class='ocrx_word' id='word_1_67' title='bbox 331 2196 395 2245; x_wconf 87' lang='lat' dir='ltr'><strong>ab</strong></span> <span class='ocrx_word' id='word_1_68' title='bbox 424 2194 630 2245; x_wconf 84' lang='lat' dir='ltr'><strong>editore</strong></span> <span class='ocrx_word' id='word_1_69' title='bbox 663 2194 786 2255; x_wconf 82' lang='lat' dir='ltr'><strong>suo,</strong></span> <span class='ocrx_word' id='word_1_70' title='bbox 846 2215 945 2246; x_wconf 89' lang='lat' dir='ltr'><strong>nec</strong></span> <span class='ocrx_word' id='word_1_71' title='bbox 983 2196 1141 2248; x_wconf 85' lang='lat' dir='ltr'><strong>facile</strong></span> <span class='ocrx_word' id='word_1_72' title='bbox 1181 2201 1418 2250; x_wconf 88' lang='lat' dir='ltr'><strong>multum</strong></span> 
     </span>
     <span class='ocr_line' id='line_1_13' title="bbox 75 2284 1419 2354; baseline 0.003 -18"><span class='ocrx_word' id='word_1_73' title='bbox 75 2285 143 2336; x_wconf 84' lang='lat' dir='ltr'><strong>de</strong></span> <span class='ocrx_word' id='word_1_74' title='bbox 196 2290 315 2350; x_wconf 80' lang='lat' dir='ltr'><strong>jure</strong></span> <span class='ocrx_word' id='word_1_75' title='bbox 362 2284 775 2352; x_wconf 82' lang='lat' dir='ltr'><strong>praestantiffimi</strong></span> <span class='ocrx_word' id='word_1_76' title='bbox 820 2286 1088 2354; x_wconf 80' lang='lat' dir='ltr'><strong>scriptoris</strong></span> <span class='ocrx_word' id='word_1_77' title='bbox 1146 2291 1419 2340; x_wconf 89' lang='lat' dir='ltr'><strong>remittent</strong></span> 
     </span>
     <span class='ocr_line' id='line_1_14' title="bbox 47 2376 1417 2446; baseline 0.001 -17"><span class='ocrx_word' id='word_1_78' title='bbox 47 2376 143 2436; x_wconf 80' lang='lat' dir='ltr'><strong>-ii,</strong></span> <span class='ocrx_word' id='word_1_79' title='bbox 199 2377 395 2442; x_wconf 89' lang='lat' dir='ltr'><strong>quibus</strong></span> <span class='ocrx_word' id='word_1_80' title='bbox 435 2386 612 2424; x_wconf 87' lang='lat' dir='ltr'><strong>tamen</strong></span> <span class='ocrx_word' id='word_1_81' title='bbox 652 2377 810 2426; x_wconf 88' lang='lat' dir='ltr'><strong>unice</strong></span> <span class='ocrx_word' id='word_1_82' title='bbox 848 2379 985 2428; x_wconf 83' lang='lat' dir='ltr'><strong>velis</strong></span> <span class='ocrx_word' id='word_1_83' title='bbox 1009 2380 1250 2446; x_wconf 78' lang='lat' dir='ltr'><strong>placere,</strong></span> <span class='ocrx_word' id='word_1_84' title='bbox 1309 2382 1417 2431; x_wconf 85' lang='lat' dir='ltr'><strong>viri</strong></span> 
     </span>
     <span class='ocr_line' id='line_1_15' title="bbox 73 2447 1417 2536; baseline 0.004 -20"><span class='ocrx_word' id='word_1_85' title='bbox 73 2466 398 2532; x_wconf 83' lang='lat' dir='ltr'><strong>antiquitatis</strong></span> <span class='ocrx_word' id='word_1_86' title='bbox 435 2465 700 2524; x_wconf 79' lang='lat' dir='ltr'><strong>vindices,</strong></span> <span class='ocrx_word' id='word_1_87' title='bbox 727 2447 792 2515; x_wconf 33' lang='lat' dir='ltr'><strong>&#39;et</strong></span> <span class='ocrx_word' id='word_1_88' title='bbox 818 2484 1034 2527; x_wconf 86' lang='lat' dir='ltr'><strong>eorum,</strong></span> <span class='ocrx_word' id='word_1_89' title='bbox 1073 2487 1208 2536; x_wconf 84' lang='lat' dir='ltr'><strong>quae</strong></span> <span class='ocrx_word' id='word_1_90' title='bbox 1239 2472 1303 2520; x_wconf 84' lang='lat' dir='ltr'><strong>ab</strong></span> <span class='ocrx_word' id='word_1_91' title='bbox 1333 2473 1417 2520; x_wconf 90' lang='lat' dir='ltr'><strong>in-</strong></span> 
     </span>
     <span class='ocr_line' id='line_1_16' title="bbox 75 2556 1417 2625; baseline 0.004 -20"><span class='ocrx_word' id='word_1_92' title='bbox 75 2565 304 2622; x_wconf 86' lang='lat' dir='ltr'><strong>terprete</strong></span> <span class='ocrx_word' id='word_1_93' title='bbox 356 2556 550 2622; x_wconf 80' lang='lat' dir='ltr'><strong>optimi</strong></span> <span class='ocrx_word' id='word_1_94' title='bbox 601 2560 859 2622; x_wconf 83' lang='lat' dir='ltr'><strong>cujusque</strong></span> <span class='ocrx_word' id='word_1_95' title='bbox 905 2556 1176 2625; x_wconf 80' lang='lat' dir='ltr'><strong>scriptoris</strong></span> <span class='ocrx_word' id='word_1_96' title='bbox 1221 2562 1417 2611; x_wconf 83' lang='lat' dir='ltr'><strong>veteris</strong></span> 
     </span>
     <span class='ocr_line' id='line_1_17' title="bbox 76 2643 1420 2711; baseline 0.005 -18"><span class='ocrx_word' id='word_1_97' title='bbox 76 2643 380 2711; x_wconf 81' lang='lat' dir='ltr'><strong>praestanda</strong></span> <span class='ocrx_word' id='word_1_98' title='bbox 406 2645 558 2704; x_wconf 77' lang='lat' dir='ltr'><strong>funt,</strong></span> <span class='ocrx_word' id='word_1_99' title='bbox 608 2646 778 2710; x_wconf 86' lang='lat' dir='ltr'><strong>probe</strong></span> <span class='ocrx_word' id='word_1_100' title='bbox 818 2649 982 2711; x_wconf 82' lang='lat' dir='ltr'><strong>gnari.</strong></span> <span class='ocrx_word' id='word_1_101' title='bbox 1062 2651 1275 2699; x_wconf 86' lang='lat' dir='ltr'><strong>Deinde</strong></span> <span class='ocrx_word' id='word_1_102' title='bbox 1317 2652 1420 2699; x_wconf 83' lang='lat' dir='ltr'><strong>ela-</strong></span> 
     </span>
     <span class='ocr_line' id='line_1_18' title="bbox 77 2733 1418 2808; baseline 0.004 -24"><span class='ocrx_word' id='word_1_103' title='bbox 77 2733 335 2786; x_wconf 83' lang='lat' dir='ltr'><strong>borarunt</strong></span> <span class='ocrx_word' id='word_1_104' title='bbox 354 2737 514 2787; x_wconf 74' lang='lat' dir='ltr'><strong>multi</strong></span> <span class='ocrx_word' id='word_1_105' title='bbox 541 2744 594 2784; x_wconf 87' lang='lat' dir='ltr'><strong>et</strong></span> <span class='ocrx_word' id='word_1_106' title='bbox 619 2737 861 2802; x_wconf 84' lang='lat' dir='ltr'><strong>primarii</strong></span> <span class='ocrx_word' id='word_1_107' title='bbox 889 2740 950 2787; x_wconf 89' lang='lat' dir='ltr'><strong>in</strong></span> <span class='ocrx_word' id='word_1_108' title='bbox 978 2739 1084 2791; x_wconf 85' lang='lat' dir='ltr'><strong>hoc</strong></span> <span class='ocrx_word' id='word_1_109' title='bbox 1112 2759 1273 2808; x_wconf 84' lang='lat' dir='ltr'><strong>opere</strong></span> <span class='ocrx_word' id='word_1_110' title='bbox 1297 2743 1418 2790; x_wconf 87' lang='lat' dir='ltr'><strong>arti·</strong></span> 
     </span>
     <span class='ocr_line' id='line_1_19' title="bbox 858 2828 962 2878; baseline 0.01 -1"><span class='ocrx_word' id='word_1_111' title='bbox 858 2828 892 2878; x_wconf 77' lang='lat' dir='ltr'><strong>b</strong></span> <span class='ocrx_word' id='word_1_112' title='bbox 935 2845 962 2878; x_wconf 80' lang='lat'><em>2</em></span> 
     </span>
    </p>
   </div>
  </div>
 </body>
</html>
