1656 2990
349 203 511 248 INST.
549 198 827 248 ORATOR.
867 202 987 246 Lm.
1014 202 1102 260 111,
1145 219 1186 247 1.
1358 192 1461 261 427

116 339 269 395 ptum
290 338 506 394 putent:
546 327 674 376 haec
695 337 897 384 autem,
936 345 1071 393 quae
1095 323 1368 386 feruntur,
1393 327 1484 387 ab„

118 406 232 455 aliis
258 403 356 454 effe
378 404 673 471 composita.
750 405 846 454 His
865 402 1142 454 succeffere
1164 406 1337 464 multi,
1367 403 1456 453 sed
1474 425 1522 460 13

104 482 414 533 ¹clarissimus·
426 484 648 548 Gorgiae
665 481 988 540 auditorum,
1007 481 1267 540 Isocrates,
1294 499 1461 548 quan-

112 575 279 625 quam
316 560 383 608 de
415 570 752 626 praeceptore
782 560 894 621 ejus
913 561 1052 608 inter
1073 569 1312 608 auctores
1341 576 1458 609 non

117 639 382 686 convenit.
480 655 579 686 nos
634 647 812 686 autem
860 636 1129 686 Aristoteli
1176 637 1455 686 credimus.
1474 654 1524 697 ²4

114 715 257 764 Hinc
278 775 281 777 Β
299 715 452 763 velut
493 712 726 762 diversae
777 711 938 762 secari
990 725 1282 779 coeperunt
1326 715 1458 762 viae.

119 792 264 841 Nam
294 799 345 840 et
374 790 609 842 Isocratis
637 789 1048 857 praestantiffmii
1067 790 1316 856 discipuli
1347 789 1465 839 fue-

120 878 250 917 runt
278 869 337 917 in
373 870 524 918 omni
556 867 859 917 studiorum
889 885 1104 934 genere:
1158 885 1328 933 eoque
1360 871 1466 930 jam

119 943 329 996 seniore
361 946 652 1011 (octavum
681 946 825 994 enim
860 956 911 994 et
936 943 1336 1011 nonagesimum
1362 946 1464 994 im-

120 1022 290 1089 plevit
314 1026 550 1087 annum)
591 1021 972 1088 pomeridianis
999 1021 1191 1072 scholis
1215 1020 1468 1071 Aristote-

16 1094 199 1150 'zzsles
224 1101 525 1165 praecipere
560 1109 724 1147 artem
759 1101 1042 1149 oratoriam
1078 1100 1278 1165 coepit,
1331 1109 1465 1149 noto

121 1175 342 1245 quidem
370 1176 467 1226 illo
500 1179 595 1239 (ut
617 1175 876 1244 traditur)
904 1175 1061 1227 versu
1083 1193 1148 1225 ex
1173 1177 1465 1227 Philocteta

119 1251 427 1320 frequenter
455 1252 599 1313 usUS‚

177 1413 288 1470 Arist.
311 1417 404 1458 cred.
442 1417 597 1456 Dixerit
614 1417 688 1456 hoc
710 1417 766 1455 di·-

122 1475 214 1513 [erte
234 1475 371 1512 alicubi
391 1476 616 1516 Aristoteles,
648 1478 766 1512 neces-

122 1531 158 1568 l'e
176 1531 245 1573 est;
271 1532 418 1580 qualem
433 1543 553 1568 tamen
577 1533 702 1568 locum
724 1532 766 1568 in

123 1587 279 1636 reliquis
298 1587 450 1637 quidem
462 1602 538 1623 non
558 1589 766 1638 reperimus

124 1644 313 1694 operibus.
370 1644 440 1680 Sed
461 1645 575 1680 multi
603 1647 684 1694 ejus
713 1645 770 1680 in-

124 1700 354 1736 terciderunt
372 1700 484 1741 libri,
514 1702 624 1737 etiam
644 1701 770 1737 rheto-

123 1758 206 1798 rici,
235 1755 592 1798 velutTheodectea‚
622 1757 667 1793 de
687 1759 769 1805 qui·

124 1813 195 1849 bus
212 1814 300 1849 vide
325 1824 362 1854 2,
393 1822 453 1857 15,
488 1827 550 1849 ιο.
607 1815 766 1862 Dionys.

124 1869 313 1906 Halicarn.
354 1871 399 1905 Τ.
424 1880 461 1905 2.
491 1884 528 1919 p.
552 1877 606 1918 94
635 1872 770 1905 Isocra-

126 1926 176 1962 tis
206 1935 461 1974 praeceptores
491 1927 619 1974 prodit
641 1926 770 1961 Prodi-

127 1995 213 2018 enm
239 1982 374 2022 Cium,
412 1982 590 2034 Gorgiam
616 1981 770 2018 Leonti-

820 1438 913 1460 „—-
952 1417 1216 1456 conducebant.
1259 1439 1318 1449 --
1363 1418 1467 1456 disci-

820 1476 999 1525 ,‚plinae,
1037 1489 1149 1523 quam
1180 1477 1262 1512 dixi
1286 1473 1471 1527 οἷκροαμαι·

820 1528 966 1576 „ramim
996 1541 1143 1580 tempus
1164 1534 1387 1569 exercendae
1407 1532 1468 1567 da-

823 1589 921 1629 „bat
949 1587 991 1622 in
1019 1589 1145 1636 Lyceo
1167 1592 1382 1626 matutinum
1409 1608 1468 1618 --

824 1644 940 1685 „illas
980 1656 1075 1680 vero
1113 1642 1321 1696 ἓξωτερικοὶς
1365 1646 1469 1682 audi·

824 1725 848 1741 „
860 1702 979 1736 tiones
1004 1701 1300 1750 exercitiumque
1318 1702 1467 1738 dicendi

824 1757 992 1797 „eodem
1017 1757 1057 1792 in
1083 1756 1166 1794 loco
1194 1757 1334 1807 vesperi
1360 1759 1467 1794 facie-

824 1814 919 1853 „bat
957 1834 1013 1841 -—
1051 1823 1160 1861 atque
1196 1827 1283 1850 eum
1321 1811 1466 1851 δειλινδν

824 1869 1045 1919 »περίπατον
1084 1870 1309 1919 appellabat,
1354 1871 1466 1908 illum

825 1950 848 1966 „
860 1925 1018 1960 alterum
1040 1927 1148 1975 supra
1167 1924 1317 1963 ἑωθινόν.
1329 1934 1354 1950 “

126 2050 219 2074 num
254 2047 292 2074 et
321 2039 457 2074 Tifiam
491 2039 769 2087 Syracusanum,

127 2091 173 2130 de
201 2094 431 2130 Theramene
461 2094 674 2143 aliquorum
702 2095 771 2130 effe

130 2150 347 2200 opinionem
395 2152 522 2186 refert.
609 2151 770 2187 Eosdem

129 2217 312 2243 memorat
341 2207 480 2243 Pseudo
492 2207 702 2243 -Plntarch.
730 2220 770 2256 p.

131 2263 226 2309 836.
255 2257 298 2299 F.
313 2263 442 2300 Suidas
463 2262 501 2298 in
525 2277 563 2300 v.
586 2263 695 2314 Ισοκρ.
716 2263 772 2298 di-

130 2316 222 2356 serte
242 2321 421 2371 ssorgiam
450 2321 622 2355 nominat
641 2331 678 2356 et
698 2320 773 2368 pri-

131 2389 239 2412 mum
270 2376 408 2416 solum,
435 2377 583 2412 fortalre
613 2390 659 2411 ex
688 2375 774 2412 Ari-

133 2431 270 2472 stotele,
299 2432 431 2468 deinde
443 2432 649 2480 subjiciens,
675 2444 773 2480 quos

133 2498 319 2536 praeterea
331 2488 447 2537 aliqui
467 2490 771 2524 memoraverim.

188 2539 451 2591 pomeridianis.
518 2545 575 2581 Cf.
609 2544 774 2581 Gellium

138 2605 212 2638 20,
243 2608 280 2643 5.
334 2596 570 2651 „Tgwrsfmi
612 2601 775 2646 (Aristo-

138 2677 160 2695 ῃ
177 2655 286 2704 telis)
322 2657 560 2697 dicebantur,
605 2670 698 2706 quae
729 2656 776 2691 ad

139 2711 373 2752 „rhetoricas
397 2713 654 2751 meditationes
667 2738 677 2754 ‚
706 2722 775 2750 cet.

882 2036 986 2087 versu
1006 2052 1053 2073 ex
1067 2039 1279 2077 Philocteta.
1336 2043 1386 2076 Et
1404 2039 1468 2076 hio

824 2105 907 2130 ante
931 2094 1056 2130 oculos
1079 2091 1202 2131 nostro
1224 2106 1302 2132 erat
1323 2098 1466 2134 Cicero.

826 2151 872 2186 de
907 2151 1012 2188 Orat.
1043 2161 1089 2195 3,
1120 2162 1184 2197 55.
1223 2153 1466 2202 quiquidem

827 2208 966 2243 Graeca
986 2208 1060 2255 ipsa
1081 2221 1159 2243 non
1186 2210 1304 2258 ponit.
1362 2210 1470 2246 Idem

828 2264 948 2314 tangit
979 2264 1306 2301 idem'Tuseulan.
1345 2279 1387 2306 1,
1427 2274 1467 2313 4.

828 2321 943 2370 Diog.
976 2321 1148 2356 Laertius
1171 2331 1219 2365 5,
1252 2332 1290 2366 3.
1322 2322 1394 2358 hoc
1414 2322 1470 2358 di-

829 2377 988 2411 cterium
1016 2377 1057 2411 in
1087 2379 1358 2419 Xenocratem,
1392 2391 1470 2414 non

828 2433 869 2467 in
901 2433 1119 2472 Isocratem,
1154 2436 1369 2482 ‘conjectum
1402 2436 1471 2471 effe
1501 2434 1504 2437 ’

829 2488 955 2528 refert,
988 2499 1032 2523 ut
1043 2490 1164 2540 igitur
1184 2491 1228 2525 ad
1245 2490 1472 2541 philosophi·

831 2556 888 2579 cas
945 2545 1148 2593 pertineret
1196 2546 1471 2596 disputationes,

830 2613 906 2634 non
929 2600 973 2636 ad
995 2601 1208 2638 rhetoricas.
1274 2605 1334 2639 De
1361 2606 1472 2640 versu

831 2657 922 2705 ipso,
955 2658 1022 2704 qui
1047 2659 1095 2693 est
1118 2659 1325 2711 tragoediae
1345 2660 1473 2712 depcr-

832 2712 951 2754 ditae,
980 2714 1060 2752 vid.
1080 2725 1158 2752 not.
1182 2716 1277 2754 erit.
