1656 2990
366 237 529 291 1Ns‘r.
564 242 842 291 ORATOR.
876 228 1151 301 L113.11‚'·;„.
1337 240 1430 303 :95

86 369 187 421 :sed
209 371 365 420 etiam
383 381 556 437 partes
577 368 752 436 operis
777 368 1008 435 elegeris.
1049 385 1174 418 nam
1197 380 1251 418 et
1275 370 1436 420 Grae-

98 449 388 497 cilicenter
414 449 606 505 multa,
647 459 698 496 et
721 448 1003 496 Horatium
1023 447 1082 494 in
1111 447 1437 512 quibusdam

34 526 270 580 95nolim
314 523 660 590 interpretari.
780 525 977 594 Elegia
1025 540 1182 583 vero,
1243 526 1434 590 utique

97 616 233 667 quae
255 613 416 659 amat,
456 611 507 650 et
529 600 980 667 hendecasyllabi,
1016 610 1068 649 et
1092 601 1288 666 quibus*
1309 600 1434 650 sunt

97 688 354 728 commata
396 680 734 728 Sotadeorum
784 679 940 740 (nam
979 676 1046 725 de
1086 678 1324 728 Sotadeis
1362 695 1434 727 ne

96 754 531 821 praecipiendum
569 755 792 822 quidem
829 753 938 822 est)
974 765 1346 815 amoveantur,
1395 753 1434 804 fi

183 898 476 948 hendecasyllabi
504 909 540 934 et
566 899 701 948 quibus.
757 901 814 933 Ita
836 897 950 935 Goth.
981 901 999 944 (
1013 907 1079 933 tac.
1113 899 1220 934 Gesn.
1251 899 1317 947 qui
1347 911 1436 935 cum

96 954 369 991 recentioribus
390 955 453 990 dat
470 954 776 1005 hendecasyllaba
795 955 937 1005 quibus)
956 964 993 988 et
1011 955 1111 992 Von'.
1134 965 1171 990 2.
1201 955 1436 1004 Exprimunt

96 1010 169 1045 hoo
191 1023 339 1050 omnes.
367 1021 451 1046 ante
474 1011 642 1059 Gryph.,
672 1020 763 1046 vett.
786 1010 869 1046 edd.
890 1023 1015 1050 meae.
1046 1012 1112 1045 nifi
1134 1011 1235 1058 quod
1264 1012 1437 1048 hendeca-

90 1065 247 1115 syllabo
279 1067 367 1102 dant
394 1079 463 1115 pro
497 1064 801 1115 hendecasyllabi.
875 1066 998 1101 Habet
1026 1067 1290 1106 masculinum,
1331 1067 1436 1115 quod

93 1120 206 1172 longe
227 1122 459 1170 frequentius
479 1122 576 1170 apud
596 1132 736 1159 veteres
750 1148 759 1162 ,
798 1122 907 1158 etiam
928 1122 1052 1158 Guelf.
1077 1122 1134 1158 sed
1156 1125 1227 1158 fine
1246 1124 1437 1173 aspiratio·
1475 1120 1478 1123 ’

92 1190 162 1216 ne,
191 1190 283 1226 quae
305 1179 416 1213 etiam
438 1191 459 1213 a
478 1178 652 1215 Gothano
672 1178 778 1214 abest.
837 1178 917 1213 1³0st
936 1178 1030 1213 hanc
1050 1191 1184 1215 vocem
1204 1189 1288 1214 ante
1308 1181 1436 1230 quibus

94 1233 218 1270 Guelf.
237 1234 364 1270 inserit
380 1248 423 1275 a,
462 1247 546 1270 cum
569 1234 625 1270 ed.
645 1234 762 1270 Andr.
776 1260 786 1274 ,
825 1247 894 1284 pro
915 1235 1036 1270 nostro
1057 1246 1104 1270 et.
1168 1237 1303 1284 Neque
1333 1247 1437 1272 certo

94 1289 353 1326 affirmaverim
374 1291 414 1325 in
434 1289 745 1340 hendecasyllabis
764 1303 892 1327 revera
904 1291 972 1326 effe
994 1303 1168 1328 commata
1182 1292 1433 1342 sotadeorum.

95 1345 258 1382 Malebat
278 1347 390 1382 etiam
409 1348 516 1383 Gesn.
539 1358 575 1382 et
594 1348 806 1397 interponi,
837 1347 940 1396 quod
969 1357 1116 1396 poterat
1145 1348 1186 1383 in
1214 1362 1280 1388 eo,
1320 1362 1434 1397 quem

94 1401 282 1443 tractabat,
311 1402 449 1440 Codice
470 1403 654 1439 invenire.
884 1414 1070 1439 commata.
1111 1405 1234 1440 Gnelf.
1257 1417 1436 1441 commota

94 1470 182 1494 eum
203 1459 318 1494 Goth.
337 1469 374 1495 et
382 1460 499 1496 Viart.
519 1459 575 1494 ed.
595 1470 733 1495 comota
751 1459 852 1498 Voss'.
869 1470 904 1504 5.
943 1462 1025 1497 Nec
1044 1462 1183 1496 mirum
1207 1462 1247 1496 in
1265 1475 1359 1497 voce
1378 1462 1435 1496 in-

95 1513 285 1551 solentiori
306 1515 420 1564 lapsos
442 1515 624 1552 librarios.
681 1518 859 1553 Venetam
883 1526 1006 1551 autem
1026 1517 1111 1552 dare
1125 1517 1326 1566 scommata
1346 1518 1436 1554 salso

87 1575 219 1606 'narrat
230 1571 332 1607 Gibs.
353 1572 445 1607 Est
433 1585 475 1607 ιιι
496 1585 535 1607 ea
555 1573 718 1620 expless'e
741 1584 936 1612 commuta,
966 1583 1007 1608 ut
1035 1575 1108 1620 jam
1140 1575 1337 1623 scripturae
1365 1575 1436 1614 isti,

94 1627 208 1662 nimie
225 1627 399 1677 probatae
419 1642 439 1663 a
453 1630 536 1667 VV.
557 1629 671 1667 DD„
700 1640 795 1663 unus
815 1627 1047 1676 relinquatur
1069 1630 1177 1670 testis,
1206 1643 1338 1683 margo
1359 1633 1437 1666 Ste-

62 1720 64 1722 ,
95 1682 239 1732 phuni.
470 1686 645 1720 Sotadeis.
685 1684 810 1720 Guelf.
841 1686 982 1720 Sotadic
977 1688 1015 1721 ·is
1036 1699 1120 1721 cum
1143 1686 1244 1725 Vols.
1271 1701 1304 1722 ι.
1331 1697 1367 1731 3.
1398 1698 1436 1723 er.

95 1723 254 1779 Vallensi
268 1739 375 1780 cod„
401 1751 570 1776 narrante
582 1741 712 1780 Badio,
725 1741 828 1788 quod
838 1741 986 1776 sortasse
997 1754 1072 1776 non
1091 1744 1239 1790 prorsus
1258 1743 1306 1779 est
1318 1743 1438 1794 negli-

98 1795 274 1850 gendum.
332 1796 444 1831 Poffit
463 1797 562 1831 enim
586 1797 712 1832 videri
728 1797 774 1831 de
793 1796 1018 1832 carminibus
1039 1798 1123 1845 ipsis
1137 1799 1279 1834 dictum
1294 1800 1436 1835 Sotadi-

99 1865 152 1890 ca,
182 1851 228 1887 de
250 1844 372 1887 metro
382 1853 548 1891 Sotaden,
575 1852 639 1888 vel
653 1853 808 1891 Sotadei,
837 1865 925 1887 cum
945 1855 1157 1900 praesertim
1178 1855 1323 1889 modo
1311 1868 1352 1890 111
1372 1858 1435 1891 So-

99 1907 285 1943 eadem-um
303 1907 408 1942 nulla
425 1910 468 1943 fit
488 1908 607 1944 Codd.
621 1908 791 1943 varietas.
839 1910 932 1943 Sunt
947 1918 1068 1943 tamen
1087 1919 1124 1944 et
1144 1921 1310 1958 receptae
1329 1911 1434 1946 testes

97 1961 180 1998 satis
191 1961 404 2012 locupletes,
427 1973 470 1999 ut
480 1964 607 2004 Goth..
630 1977 750 2012 neque
759 1962 924 2000 multum
939 1964 1100 2001 tribuam
1119 1965 1208 2002 huie
1217 1967 1435 2003 discrimini.

155 2087 247 2124 quae
258 2085 367 2110 amat.
399 2077 533 2111 Forma
546 2075 736 2124 loquendi,

97 2129 244 2177 qualem
266 2131 365 2179 saepe
393 2131 736 2172 animadvertimus,

98 2184 267 2221 tribuens
295 2186 378 2235 ipsis
398 2187 524 2223 verbis
545 2198 582 2223 et
602 2189 736 2224 sermo-

791 2085 851 2111 tro
870 2075 1197 2124 brachycatalecto.
1254 2079 1278 2117 J
1279 2090 1337 2112 am
1348 2091 1434 2113 cum

791 2132 942 2169 Ionicus
963 2142 1131 2181 uterque,
1167 2143 1241 2168 tam
1256 2148 1275 2169 a
1292 2136 1434 2181 majore

791 2201 902 2237 quam
938 2202 957 2223 a
987 2190 1153 2230 minore,
1209 2190 1343 2225 constet
1372 2192 1435 2227 sex

96 2241 162 2280 ni,
191 2241 292 2289 quod
314 2243 527 2295 significant.
587 2245 632 2281 cf.
655 2254 732 2280 not.

99 2308 156 2332 ex.
176 2297 221 2332 ad
245 2311 279 2337 1,
310 2298 347 2338 6,
377 2308 429 2343 23
459 2314 538 2335 cum
559 2301 656 2337 ebur.

153 2363 190 2388 ce
226 2355 351 2403 quibus
389 2375 445 2383 —
491 2356 632 2406 quidem
669 2356 732 2406 ψ.

97 2408 336 2447 Sotadeorum
352 2413 526 2448 versuum
539 2413 646 2452 ratio,
670 2415 734 2451 etsi

92 2474 175 2502 non
203 2477 465 2515 usquequaque
486 2468 656 2516 expedita
686 2470 734 2507 est

97 2531 119 2554 a
135 2520 216 2560 VV-
233 2523 323 2558 DD.
334 2548 346 2562 ,
374 2524 527 2559 videtur
545 2524 634 2562 haec
655 2525 733 2563 fere

99 2573 197 2640 effug
227 2590 274 2612 ex
303 2579 601 2627 Hephaestionis,
636 2581 732 2617 Dio-

97 2630 233 2672 medis,
271 2634 485 2670 Terentiani
503 2646 540 2671 et
558 2638 738 2673 Fortuna.

99 2685 191 2723 tiani
219 2685 335 2738 (apud
355 2691 586 2735 Putschium)
614 2703 737 2728 aucto-

96 2741 224 2778 ritate:
270 2745 415 2780 Constat
445 2747 630 2782 sotadeum
663 2761 736 2784 me-

97 2803 198 2834 trum
219 2799 350 2837 lonico
372 2815 393 2836 a
409 2804 548 2848 majore
566 2813 736 2843 tetrame

791 2244 1022 2292 temporibus
1052 2245 1115 2281 vel
1146 2247 1286 2286 moris,
1315 2248 1434 2295 potest

789 2301 885 2336 illud
909 2301 1064 2336 mirifice
1090 2303 1250 2343 variari;
1287 2316 1362 2350 quo
1391 2305 1432 2339 in

790 2369 925 2407 genere
953 2357 992 2391 id
1020 2367 1164 2398 tamen,
1214 2360 1281 2393 nifi
1309 2359 1431 2398 fallor,

791 2413 839 2449 est
879 2413 1108 2453 cavendnm,
1165 2427 1212 2449 ne
1252 2416 1431 2450 Sotadeus

789 2470 917 2504 versus
937 2482 1102 2516 unquam
1121 2470 1260 2506 incidat
1280 2472 1320 2506 in
1332 2473 1433 2506 Ioni-

789 2537 876 2560 cum
895 2538 915 2559 a
933 2525 1091 2561 minor'e.
1138 2528 1312 2563 Recenset
1330 2529 1432 2563 enim

788 2580 1010 2628 Hephaestio
1055 2582 1120 2630 (p.
1165 2584 1310 2620 Pauwii
1348 2590 1431 2629 37)

793 2635 951 2676 hancce,
980 2649 1091 2684 quam
1111 2638 1204 2674 ferat
1223 2641 1349 2674 versus
1371 2643 1437 2675 So·

794 2691 921 2727 tadeus
953 2693 992 2726 in
1023 2693 1142 2729 tlibus
1164 2695 1355 2748 prioribus
1380 2709 1436 2730 re-

793 2747 991 2799 gionibus,
1022 2750 1159 2797 pedum
1189 2753 1434 2788 varietatem:

793 2800 942 2851 συςυγιά
970 2803 1148 2854 τροχαῦιῆ
1183 2823 1236 2838 a-
1271 2822 1292 2843 υ
1314 2828 1367 2836 -—
1389 2823 1437 2857 v,

877 2862 971 2897 Na
