1656 2990
402 143 565 190 INST.
601 135 881 190 ORATOR.
911 144 1032 187 LIB.
1065 145 1103 198 Ι,
1143 158 1184 187 2.
1399 153 1461 199 37

125 287 353 340 quoque.
406 266 592 320 Affunt
616 267 783 316 multa
810 270 920 328 ejus
949 266 1028 314 rei
1059 266 1322 331 exempla,
1355 275 1464 314 tam

123 348 284 401 laesae
329 346 535 404 hercle,
583 361 744 411 quam
792 342 1121 393 conservatae
1162 341 1463 392 sanctiffime

125 426 412 491 utrobique
433 424 717 488 opinionis.
777 421 982 470 Natura
1001 424 1259 486 cujusque
1284 429 1462 468 totum

71 562 81 570 ‚
125 518 354 568 curaque
386 499 550 549 distat.
629 501 713 548 Da
742 508 975 549 mentem
1008 497 1075 545 ad.
1111 501 1290 562 pejora
1333 495 1460 544 faci-

123 581 258 638 lem,
299 577 778 643 danegligentiam
806 572 1076 624 formandi
1102 572 1461 624 custodiendi-

125 674 232 723 que
267 657 326 704 in
358 662 519 703 aetate
555 654 725 719 prima
757 650 1005 716 pudoris:
1045 669 1156 700 non
1194 652 1461 700 minorem

125 733 335 799 flagitiis
365 729 688 782 occasionem
722 727 912 776 secreta
939 729 1292 793 praebuerint.
1336 745 1460 779 nam

123 821 177 859 et
212 807 308 858 effe
341 805 509 876 potest
550 807 720 872 turpis
764 805 1083 875 domesticus
1123 805 1215 853 ille
1251 822 1459 871 praece-

123 898 272 953 ptor:
339 901 438 946 nec
477 885 643 932 tutior
676 883 815 930 inter
844 880 1023 931 servos
1058 882 1249 939 malos,
1299 899 1460 948 quam

121 962 386 1028 ingenuos
443 977 632 1025 parum
675 956 939 1007 modestos
995 957 1322 1007 conversatio
1371 957 1457 1006 eft.

121 1042 190 1090 At
222 1038 260 1086 fi
291 1038 431 1086 bona
464 1036 626 1102 ipsius
655 1034 888 1091 indoles,
922 1033 958 1082 fi
990 1052 1102 1084 non
1126 1052 1271 1083 caeca
1298 1052 1354 1082 ac
1378 1034 1495 1085 l'o-5

83 1126 86 1129 ’
119 1117 230 1184 pita
252 1116 543 1181 'parentum
573 1110 812 1162 socordia
842 1109 941 1160 est:
983 1122 1034 1159 et
1067 1122 1463 1178 praeceptorem

119 1194 315 1259 eligere
364 1189 731 1239 sanctissimum
782 1205 1076 1253 quemque,
1131 1191 1153 1251 ζ
1167 1193 1316 1246 cuius
1381 1189 1464 1238 rei

121 1270 403 1338 praecipua
436 1266 790 1333 prudentibus
828 1282 953 1314 cura
984 1265 1086 1331 est)
1129 1276 1180 1314 et
1226 1265 1458 1332 discipli-

122 1365 274 1404 nam,
322 1361 456 1412 quae
489 1344 715 1393 maxime
752 1340 928 1391 severa
967 1341 1155 1402 fuerit,
1194 1343 1318 1392 licet
1330 1361 1343 1401 ;
1406 1353 1457 1392 et

123 1423 479 1474 nihilominus
500 1422 732 1469 amicum
750 1437 965 1484 gravem
985 1421 1167 1470 virum
1180 1457 1193 1478 ,
1216 1431 1307 1470 aut
1330 1418 1458 1468 fide·

122 1501 231 1550 lem
255 1501 535 1554 libertum,
564 1498 714 1545 lateri
740 1495 834 1545 filii
863 1495 943 1545 sui
970 1497 1271 1562 adjungere,
1306 1500 1459 1558 cujus

66 1577 348 1628 :Gaffiduus
371 1575 647 1625 comitatus
673 1575 832 1622 etiam
854 1574 976 1623 illos
1004 1575 1250 1625 meliores
1283 1572 1464 1632 faciat,

208 1727 243 1752 et
269 1715 339 1767 effe
365 1715 484 1767 potest
507 1719 633 1765 turpis.
694 1716 787 1753 Obr.
809 1719 855 1752 fic
877 1716 1032 1752 collocat
1050 1717 1165 1753 verba
1186 1717 1295 1756 haec:
1326 1728 1362 1754 et
1392 1727 1467 1753 eur·

126 1774 184 1821 pis
210 1771 327 1822 potest
360 1773 442 1824 effe.

181 1941 366 1987 opinionis.
397 1939 702 1979 Existimationis,
716 1939 765 1974 fa-

127 2004 233 2036 mae;
272 1995 456 2044 ipsiusque
479 1996 568 2032 adeo
594 1996 764 2031 innocen-

128 2048 223 2090 tiae,
253 2051 349 2087 unde
379 2052 476 2088 bona
507 2053 614 2089 fama.
656 2053 700 2088 cf.
725 2062 763 2092 2,

134 2115 198 2145 ιη.
221 2115 261 2150 5.
311 2122 317 2125 ’

181 2172 219 2198 et
242 2161 312 2214 eff'e
336 2182 391 2191 —
411 2177 473 2199 nec
493 2166 613 2200 tutior.
672 2163 765 2199 Inest

125 2215 306 2253 structura
323 2220 527 2270 geminatae
538 2221 764 2255 coniunctio-

125 2273 184 2308 nis
206 2283 264 2314 et,
293 2287 451 2323 quarum
478 2276 657 2325 posterior
677 2276 765 2311 latet

125 2329 167 2364 in
197 2345 269 2366 nec·
319 2333 380 2367 De
402 2333 650 2367 commodiori
668 2333 764 2368 ordi-

125 2398 172 2420 ne
189 2385 325 2423 horum
347 2388 551 2424 verborum
571 2389 660 2424 vide
685 2399 764 2424 not.

127 2443 212 2478 crit.

184 2510 311 2546 parum
352 2497 540 2548 modestos.

129 2553 239 2590 latius
259 2554 323 2589 hic
336 2555 515 2591 videntur
535 2556 620 2596 dici,
654 2569 764 2604 quam

123 2621 200 2658 <pm
216 2614 370 2658 'etymo.
399 2611 464 2646 ubi
485 2612 580 2647 [olus
603 2613 679 2647 fere
700 2626 768 2662 pu-

130 2666 203 2702 dor
238 2665 486 2719 intelligitur;
522 2668 568 2704 de
600 2669 768 2704 universa

601 2499 767 2548 '1⁷Vlodeft1'

501 1773 625 1809 Guelf.
647 1783 770 1807 antem
791 1772 864 1807 hoc
885 1773 1017 1809 modo:
1049 1783 1084 1808 et
1106 1773 1224 1822 potes}
1247 1779 1362 1823 turpis
1382 1773 1464 1824 affe.

127 1829 229 1864 naec
251 1828 508 1883 (impliciffima
528 1829 680 1871 videtur
701 1828 810 1863 ratio.

821 1940 938 1975 animi
958 1939 1123 1976 bonitate
1144 1940 1334 1976 interdum
1357 1941 1465 1977 Grae·

821 2009 863 2031 co
884 2009 986 2032 more
1012 1998 1188 2045 usurpant
1208 1997 1338 2033 Latini
1362 2007 1404 2031 ut
1429 2007 1465 2035 et

818 2053 915 2089 infra
941 2060 987 2100 4,
1015 2063 1051 2092 2,
1077 2067 1165 2087 100.
1190 2051 1386 2101 modestum
1406 2052 1464 2099 [α-

818 2120 924 2144 ctum.
982 2112 1030 2144 Et
1055 2110 1132 2145 Cic.
1155 2110 1191 2144 in
1214 2112 1326 2147 Vetr.
1350 2109 1413 2144 lib.
1435 2111 1463 2149 I,

820 2172 885 2212 47.
934 2166 998 2204 „0
1040 2164 1235 2214 modestum
1279 2165 1464 2205 ordinem.

819 2221 946 2269 „quod
971 2221 1076 2256 illinc
1103 2223 1216 2257 vivus
1246 2222 1463 2257 surrexit!“

821 2278 880 2313 Sic
906 2278 1035 2319 Graeci
1069 2277 1227 2328 μέτριον,
1255 2277 1389 2317 ἐπιεικῆ
1410 2278 1464 2313 di·

822 2343 922 2369 cunt.
959 2330 1027 2375 (τὲ
1052 2333 1194 2369 brumis
1215 2330 1320 2375 δηλοῖ
1338 2331 1381 2369 ro*
1402 2331 1464 2369 τόν

819 2386 944 2438 τρὸπον
988 2387 1139 2433 οὲγαᾶόν.
1197 2390 1381 2425 Scholiast.
1417 2390 1461 2424 ad

821 2446 979 2481 luciani
1008 2446 1156 2481 Gallum
1192 2447 1278 2485 Vol.
1316 2448 1398 2495 ssip.
1423 2446 1461 2482 6.

820 2515 856 2550 p.
885 2504 998 2549 325.)
1027 2505 1075 2536 Et
1099 2503 1160 2538 hic
1182 2504 1219 2537 in
1246 2503 1461 2539 uuiversum

822 2559 970 2606 modesti
990 2570 1231 2608 opponuntur
1252 2562 1365 2595 malis.
1406 2562 1464 2594 Iu-

823 2615 872 2648 est
905 2623 1026 2651 tamen
1055 2617 1151 2652 moda·
1182 2616 1305 2666 aliqua
1334 2616 1466 2667 fignifi-

827 2681 934 2706 cano.
1136 2679 1142 2685 '
