1656 2990
563 86 586 176 ί

281 226 376 275 573
584 216 658 260 Μ.
693 215 825 261 FAB.
862 215 1270 275 QUmTILIANl

278 338 546 388 nobilibus
581 346 747 393 ortos,
798 335 903 384 dici
928 334 1154 401 potest):
1217 346 1269 384 et
1299 336 1442 394 illic,
1485 338 1581 387 ubi

278 411 610 463 manifestum
646 413 942 476 periculum
978 410 1071 468 est,
1133 411 1444 475 opponenda
1469 413 1580 470 alia,

278 501 341 538 ut
377 488 642 536 crudelius
671 488 821 534 etiam
860 487 1120 550 perituros
1155 485 1488 544 affirmemus,
1542 486 1582 535 fi

278 563 329 611 se
349 563 661 619 dediderint,
688 560 789 610 [ive
810 561 968 610 hostis
990 579 1097 610 non
1119 560 1399 609 servaverit
1411 559 1583 619 fidem,

281 638 383 687 five
415 636 837 694 Caesarvicerit,
898 636 1044 700 quod
1073 634 1167 683 effe
1196 652 1323 684 vero
1350 634 1582 692 similius.

218 730 268 767 52
281 717 419 762 Haec
453 723 652 771 autem,
699 729 828 777 quae
857 723 1061 760 tantum
1090 713 1227 759 inter
1254 709 1305 758 se
1333 721 1587 776 pugnant,

358 867 446 902 opp.
474 855 567 893 alia,
604 863 654 889 ut.
712 852 824 889 Goth.
854 862 891 887 et
920 853 1014 891 Jens.
1047 854 1140 895 (tac.
1176 852 1308 896 Gesn.)
1338 864 1371 887 o.
1401 852 1475 887 alia
1499 850 1588 900 sunt
1633 843 1643 896 {3

278 911 434 958 pericula
455 919 504 948 ut,
533 922 615 944 cum
636 907 722 942 edd:
738 918 819 942 ante
840 907 924 942 Ald.
947 909 1010 942 fec.
1033 906 1202 941 omnibus
1221 907 1379 955 (praeter
1389 905 1471 942 Ald.
1490 907 1588 954 prio·
1630 915 1651 945 ς,

279 966 389 1012 rem).
446 964 572 999 Codex
599 963 746 1010 quidem
777 962 900 997 nullus
928 963 1077 996 affertur
1098 961 1207 1000 alius,
1242 974 1359 1008 neque
1380 961 1427 995 est
1445 961 1507 996 vel
1529 973 1589 995 ne-
1633 962 1645 1003 ζ

278 1019 464 1054 cellarium
497 1019 785 1053 additamentum
813 1017 874 1054 vel
904 1016 1056 1067 elegans.

279 1074 452 1108 omnibus
471 1074 587 1108 nostra
609 1073 666 1108 est.

279 1130 406 1176 Gesn.)
434 1130 592 1164 dederint
621 1141 703 1163 cum
723 1127 822 1164 Voss.
851 1140 884 1160 ι.
916 1130 933 1171 (
943 1140 987 1160 an
1011 1126 1113 1169 22),
1141 1125 1239 1173 quod
1260 1125 1419 1160 correxit
1439 1127 1587 1176 Regius.
1629 1123 1642 1154 ’ἑ

1130 1019 1173 1050 In
1203 1015 1355 1063 reliquis
1387 1015 1468 1051 edd.
1497 1017 1588 1050 meis
1631 1023 1651 1043 N

926 1073 1133 1106 dediderint.
1191 1071 1303 1106 Goth.
1323 1080 1359 1105 et
1379 1071 1472 1108 Jens.
1501 1075 1586 1115 (tac.
1632 1072 1649 1118 -1,

278 1184 349 1218 Sed
371 1183 547 1218 videntur
566 1183 747 1230 astipulari
772 1182 888 1218 Codd.
912 1194 1037 1216 omnes
1050 1206 1059 1220 ,
1089 1182 1214 1229 etipsa
1234 1182 1345 1216 Tarv.
1367 1192 1491 1215 veram
1509 1180 1589 1215 fcri-
1632 1181 1645 1200 ’·

277 1249 424 1287 pturam
446 1239 604 1286 praefert
631 1241 646 1282 (
658 1239 701 1273 cf.
722 1239 753 1282 §.
776 1241 867 1281 28.)
897 1250 979 1270 cum
1000 1235 1149 1282 reliquis
1169 1235 1352 1270 omnibus.
1635 1253 1648 1282 ᾗ

351 1292 429 1342 five
454 1293 560 1341 hostis
580 1313 632 1320 -
646 1293 840 1341 servaverit
860 1311 911 1317 --
921 1290 1010 1339 five.
1069 1291 1192 1325 Turic.
1215 1288 1249 1338 s.
1274 1303 1354 1324 vero
1373 1286 1480 1337 hostis
1501 1292 1518 1333 <
1530 1289 1587 1323 sed

260 1345 299 1382 'a
317 1348 466 1382 secunda
489 1360 598 1382 manu
615 1347 693 1398 five
722 1347 862 1395 hostes)
889 1365 943 1372 -—-
967 1345 1187 1393 servaverint
1208 1364 1260 1371 --
1280 1343 1360 1393 five
1386 1356 1468 1378 cum
1486 1343 1584 1379 Alm.

277 1403 346 1436 nisi
363 1402 462 1449 quod
482 1402 543 1436 hic
580 1421 619 1430 —
646 1401 850 1450 servaverit.
909 1401 1029 1435 Guelf.
1050 1399 1086 1451 fi
1106 1413 1187 1434 vero
1205 1398 1318 1446 hostes
1348 1418 1398 1425 —-
1422 1397 1588 1446 servave-
1628 1435 1642 1451 ,-

277 1460 347 1491 rint
377 1477 430 1484 -
451 1456 500 1506 fi.
567 1456 666 1494 Voff.
690 1465 725 1498 5.
748 1454 826 1503 five
853 1468 934 1490 vero
963 1454 1070 1502 hostis
1097 1473 1150 1481 -—
1173 1453 1392 1501 servaverint
1420 1472 1474 1480 —
1494 1452 1584 1502 five.

276 1511 430 1546 pluralis
453 1524 497 1545 an
518 1511 706 1561 singularis
726 1513 857 1557 politus
880 1509 993 1543 fuerit
1011 1521 1030 1543 a
1052 1511 1142 1555 Qu.,
1170 1508 1238 1543 vix
1257 1508 1364 1542 dicas.
1419 1508 1518 1558 Sing.
1540 1509 1588 1542 est

276 1567 317 1600 in
346 1566 427 1601 edd.
454 1575 635 1614 quantum
662 1565 772 1601 video
802 1563 985 1598 omnibus.
1033 1563 1077 1597 de
1103 1566 1190 1607 [ing.
1221 1575 1288 1610 pro
1326 1562 1422 1610 plur.
1460 1563 1506 1597 cf.
1548 1570 1586 1607 8,

278 1621 323 1659 6,
346 1623 427 1656 ’20.
701 1634 733 1669 q.
755 1618 821 1669 effe
842 1618 1092 1668 verofimilius.
1146 1611 1205 1653 Sic
1227 1616 1348 1653 Guelf.
1372 1627 1408 1652 et
1429 1617 1525 1654 Voss'.
1553 1631 1586 1652 1.
1606 1653 1615 1662 x

278 1676 472 1712 Omittunt
492 1674 559 1724 qffe
579 1675 703 1725 Turio.
725 1683 760 1708 et
782 1674 872 1710 Obr.
930 1674 1078 1720 Reliqui
1098 1688 1130 1721 q.
1154 1672 1202 1721 est
1226 1671 1337 1721 veros.
1396 1671 1515 1708 Malui
1533 1673 1587 1706 in-

280 1731 469 1765 finitivum
494 1741 649 1777 ponere,
685 1741 792 1776 quam
823 1728 1035 1768 subaudire,
1063 1728 1162 1774 quod
1186 1727 1226 1761 in
1247 1727 1403 1774 suspensa
1422 1728 1586 1762 oratione

277 1786 401 1820 minus
430 1785 679 1832 perspicuum,
716 1796 782 1818 nec
803 1783 933 1822 video,
973 1783 1159 1831 quomodo
1188 1782 1231 1816 ab
1262 1794 1384 1816 errore
1411 1782 1586 1829 proficisci

277 1840 440 1888 potuerit
471 1839 726 1890 elegantiffima
764 1838 959 1886 scriptura,
1014 1838 1222 1888 exprimens
1253 1836 1344 1886 ⁶ff⁶5
1401 1837 1610 1884 quomodo.

278 1895 404 1929 omitti
423 1895 607 1942 potuerit,
636 1893 777 1928 facilius
797 1893 1028 1943 intelligitur.
1085 1891 1146 1940 Es}
1166 1902 1284 1926 autem
1311 1891 1396 1926 falso
1413 1891 1487 1942 legi
1508 1892 1588 1938 qui-

277 1950 336 1985 vis
369 1949 576 1985 admonitus
607 1949 742 1983 sentiat.
808 1949 972 1983 Firmant
1004 1958 1123 1982 tamen
1154 1946 1199 1982 hi
1221 1947 1288 1995 ipfi
1317 1945 1406 1982 libri
1430 1946 1585 1982 nostram
1623 1983 1625 1985 ,

275 2005 470 2040 rationem.
508 2004 554 2039 cf.
573 2013 654 2039 not.
675 2016 732 2039 ex·
754 2003 799 2038 ad
822 2016 856 2042 1,
885 2011 923 2046 5,
950 2010 1017 2050 40.

962 2122 1109 2150 tantum,
1133 2123 1178 2145 ne
1198 2110 1293 2145 forte
1309 2108 1492 2160 intelligat
1510 2119 1602 2144 tam·
1622 2130 1623 2135 =

962 2167 1162 2204 tummodo,
1191 2165 1291 2213 qnod
1317 2164 1405 2199 hinc
1426 2163 1583 2199 alienum

277 2113 486 2161 „Phyllidis
512 2113 628 2148 flavae
651 2112 822 2148 decorent
847 2125 907 2160 pa-

278 2177 463 2214 „rentesJ‘
507 2170 599 2202 Hor.
625 2168 696 2204 Od.
720 2177 755 2206 2,
778 2174 815 2215 4,
844 2177 905 2211 13.

284 2229 344 2270 ²4·
403 2225 635 2258 Burmannus
664 2223 778 2257 Acten
808 2235 908 2256 com-

278 2287 477 2317 memorat,
525 2290 635 2325 quam
671 2278 763 2323 justo
793 2289 906 2325 paene

278 2333 517 2367 matrimonio
564 2332 629 2367 fibi
674 2333 907 2378 conjunxerit

277 2389 381 2424 Nero
416 2387 630 2426 „summiffis
660 2387 907 2422 consularibus

276 2443 406 2482 „viris‚
433 2442 498 2488 qui
516 2442 620 2492 regio
638 2454 767 2490 genere
789 2451 906 2476 ortam

276 2498 543 2544 „pejerarem-⁶
595 2499 743 2531 Sueten.
757 2511 759 2513 ·
772 2496 812 2531 in
834 2497 908 2533 Ne-

278 2563 370 2586 rone
389 2564 419 2587 c.
440 2558 505 2597 28.

332 2670 468 2694 tantum
513 2661 602 2695 inter
643 2660 686 2708 [ὲ
727 2670 901 2709 pugnant.

962 2221 1019 2256 eft.
1057 2221 1192 2271 Agitur
1209 2220 1254 2255 de
1272 2219 1493 2258 conditione,
1522 2218 1591 2254 ubi.
1612 2247 1613 2251 ,

960 2276 1145 2310 manifesto
1164 2277 1324 2323 oppofita
1351 2275 1418 2309 fint
1443 2273 1586 2309 honesta

959 2341 996 2365 et
1019 2331 1146 2371 utilia;
1175 2343 1258 2369 cum
1284 2329 1402 2364 adhuc
1421 2328 1586 2364 concilia-

960 2398 1000 2420 re
1048 2395 1246 2432 utrumque
1291 2384 1412 2418 conati
1463 2385 1583 2420 fimus.

960 2440 1081 2476 Subiit
1101 2450 1220 2474 autem
1234 2449 1368 2474 tantum
1385 2448 1525 2472 mutare
1545 2438 1584 2472 in

962 2506 1097 2533 tamen,
1134 2495 1179 2529 cf.
1203 2505 1247 2534 2,
1278 2507 1338 2533 ιι,
1364 2492 1400 2528 6.
1430 2493 1495 2527 hac
1513 2493 1583 2527 sen-

963 2550 1095 2585 tentia:
1133 2551 1231 2584 Haec
1247 2558 1366 2583 autem
1388 2560 1478 2594 quae
1503 2548 1583 2581 sunt
1608 2546 1611 2549 ’

961 2604 1152 2651 ejusmodi,
1168 2596 1223 2638 ⁴ut
1242 2602 1342 2637 nulla
1361 2612 1436 2636 arte
1452 2601 1582 2650 poffint

959 2659 1166 2697 conciliari,
1192 2658 1262 2697 sed,
1288 2657 1467 2704 quidquid
1484 2655 1581 2690 dixe-

281 2715 434 2749 Tantum
465 2714 584 2760 accipe
610 2725 813 2763 tantopere,
867 2718 903 2750 in
956 2715 1028 2752 ris,
1057 2725 1171 2749 tamen
1188 2713 1284 2748 inter
1301 2713 1334 2747 se
1351 2720 1526 2762 pugnent.
