1656 2990
220 197 395 228 xxvnl
653 177 1096 223 PRAEFATIO.

223 306 385 352 ciatur
405 302 568 366 vulgo
588 312 637 349 et
656 303 745 349 vix
767 299 926 348 fando
947 297 1121 348 audita
1143 297 1202 358 iit
1225 297 1527 363 aequalibus

221 391 421 441 nostris.
490 389 759 439 Scribendi
783 388 1039 436 rationem
1063 387 1378 436 diuturnitas
1397 392 1528 436 tem-

219 482 360 545 poris
399 479 529 528 solet
569 480 794 543 levigare
834 487 886 524 et
931 493 1052 524 cum
1088 477 1524 541 pronunciatione

218 569 496 617 conciliare
511 604 525 624 ‚
563 583 684 614 cum
704 569 805 626 jam
826 566 884 612 in
907 565 1098 629 vulgus
1124 575 1313 613 notum
1345 574 1396 612 et
1421 562 1526 613 fre-

218 667 524 720 quentatum
541 654 611 704 est
625 670 779 703 omne
792 653 894 702 hoc
915 654 1187 701 literarum
1206 651 1526 717 usurpanda-

216 761 338 792 rum
380 744 675 807 negotium,
731 759 842 791 non
880 742 1017 789 intra
1052 740 1330 790 doctorum
1369 740 1527 788 colle·
1591 785 1596 794 .

215 833 297 895 gia
324 832 619 879 coercitum.
699 829 1097 879 Remittendurn
1129 828 1200 877 est
1231 827 1433 892 aliquid
1460 827 1527 876 de

215 920 567 984 etymologico
600 918 698 967 isto
726 919 915 983 rigore,
956 928 1006 966 et
1028 917 1245 966 eruditis
1272 915 1527 979 quaestio-

211 1007 368 1054 nibus
414 1005 776 1072 seponendum
812 1006 895 1064 id,
961 1005 1109 1070 quod
1157 1005 1399 1053 homines
1445 1004 1527 1052 illi
1586 1006 1590 1013 '

214 1096 485 1151 „multum
537 1095 726 1142 literati
741 1102 786 1152 ,“
849 1095 1023 1158 quales
1070 1093 1292 1158 appellat
1338 1093 1527 1141 Fabius

212 1184 236 1243 <
254 1202 298 1239 1,
346 1188 404 1240 6,
449 1187 579 1247 21),
627 1184 874 1232 volebant
911 1181 1007 1247 ipsi
1047 1181 1328 1247 scripturae
1365 1179 1528 1228 infer-

213 1272 341 1327 cire,
400 1288 511 1319 non
544 1270 687 1319 secus
721 1287 776 1318 ac
813 1270 851 1318 fi
889 1269 1149 1319 stemmata
1185 1280 1236 1317 et
1270 1267 1529 1334 prosapias

212 1360 498 1407 verborum
539 1358 824 1407 conderent
857 1357 1158 1416 scribentes,
1206 1375 1326 1406 cum
1372 1372 1548 1409 omne.

210 1448 479 1495 literarum
513 1446 743 1495 officium
783 1445 1065 1511 praestetur
1098 1444 1369 1494 reddendo
1402 1442 1547 1492 fide-.

209 1528 328 1582 liter
360 1551 491 1597 quae
515 1534 772 1583 audimus.
850 1534 1124 1595 Ejusmodi
1153 1544 1288 1582 certe
1316 1533 1530 1582 videtur

210 1620 305 1669 effe
348 1621 494 1670 sanae
547 1625 762 1672 rationis
812 1623 1080 1671 decretu'm
1126 1624 1185 1670 in
1226 1622 1322 1670 hac
1367 1619 1528 1678 causa,

211 1710 358 1772 quod
392 1710 565 1775 ipsum
603 1723 775 1760 tamen
810 1729 930 1760 curn
965 1711 1154 1768 modo,
1191 1721 1371 1758 contra
1404 1725 1528 1758 con-

208 1796 567 1857 suetudinem,
606 1798 703 1848 effe
737 1799 1064 1865 sequendum
1093 1800 1280 1847 Fabius
1311 1797 1478 1846 docet.

311 1964 522 2020 Praeter
552 1972 709 2037 ipsius
743 1972 1005 2036 scriptoris
1038 1988 1259 2030 nomen,
1315 1972 1526 2036 qualem

209 2061 357 2125 operi
383 2059 478 2108 suo
508 2061 724 2108 titulum
749 2059 952 2117 fecerit,
996 2059 1304 2124 investigare
1338 2067 1525 2124 operae

207 2150 437 2213 pretium
465 2147 548 2195 est.
625 2151 686 2195 In
720 2149 820 2196 hoc
855 2165 1069 2212 quoque
1101 2160 1288 2212 genere
1318 2144 1524 2196 novaffe

207 2235 407 2298 aliquid
442 2236 656 2284 videtur
689 2234 977 2292 Gibsonus,
1025 2237 1095 2283 ita
1128 2247 1299 2284 tamen
1336 2247 1423 2293 ut,
1483 2235 1522 2285 fi

208 2324 472 2387 proximos
505 2321 782 2372 decessores
815 2322 1102 2388 deserebat,
1155 2334 1394 2373 veterum
1430 2342 1521 2373 au-

208 2410 438 2459 ctoritate
467 2428 577 2477 non
595 2410 804 2474 prorsus
823 2422 1028 2459 careret.
1074 2414 1212 2460 Cum
1234 2413 1375 2459 enim
1401 2414 1521 2461 vul-

208 2514 274 2562 go
302 2492 676 2546 institutiones
726 2500 979 2547 oratoriae
1026 2501 1410 2563 appellarentur
1462 2501 1521 2548 hi

207 2585 358 2642 libri,
420 2584 677 2634 Gibsonus
715 2586 1107 2653 inscriptiOnem
1144 2588 1277 2636 hanc
1315 2598 1521 2653 compa·
