1656 2990
246 208 408 239 xxxnr
674 196 1115 244 PRAEFATIO.
1176 206 1180 210 '

250 316 450 365 causam
483 315 652 373 illam,
727 334 884 381 quam
923 319 1027 382 agit
1065 321 1241 382 poeta,
1308 315 1557 366 dirimen-

249 405 393 463 dam,
431 406 612 453 vivere
653 415 756 451 tam
793 403 1000 453 felicem
1040 406 1224 455 orandi
1259 415 1559 469 praecepto-

249 511 361 542 rem
408 509 466 540 ea
518 492 624 557 ipsa
680 490 977 560 tempestate
1029 510 1131 557 qua
1184 493 1322 542 solus
1379 490 1559 541 Caesar

246 580 607 643 (Hadrianum
646 581 914 644 intellige)
952 577 1121 648 cristes
1160 577 1438 630 Ca'nzoenas
1482 595 1559 626 re-

247 667 473 738 spexerit
510 670 643 730 (Juv.
677 683 727 728 7,
766 686 810 721 1,
840 672 924 732 2.).
999 670 1216 732 Alioqui
1244 671 1386 716 enim
1410 669 1558 726 cujus

246 758 457 805 tandem
489 755 559 802 eft
594 757 874 813 momenti,
924 757 1072 820 quod
1107 756 1412 820 aliquando,
1461 753 1556 802 sub

244 845 581 901 Domitiano,
649 843 796 892 dives
841 842 946 891 fuit
995 845 1381 912 Quintilianus?
1457 841 1558 893 Sed

242 933 399 981 habet
436 943 578 981 totus
618 929 711 978 iste
749 933 1010 984 juvenalis
1049 933 1211 988 locus,
1266 933 1325 980 in
1365 931 1557 996 quibus

242 1022 464 1070 haereas.
570 1020 710 1067 Olim
748 1018 858 1066 fere
900 1022 1002 1067 VV.
1043 1022 1161 1068 DD.
1207 1021 1424 1076 iratum,
1485 1018 1556 1066 ob

241 1119 446 1174 negatas
484 1108 542 1155 in
583 1123 739 1171 opere
775 1106 869 1156 suo
917 1107 1120 1165 laudes,
1191 1108 1391 1156 rhetori
1430 1110 1556 1171 poe·-

242 1209 346 1246 tam
383 1195 698 1245 videbantur
746 1194 840 1244 fibi
878 1196 1172 1261 agnoscere;
1235 1196 1555 1260 argumentis

241 1285 358 1333 sane
397 1282 631 1332 infirmis.
710 1285 964 1340 Attamen,
1004 1301 1066 1332 ex
1100 1300 1208 1347 quo
1239 1284 1366 1331 haec
1393 1285 1571 1336 interr

239 1373 462 1439 pretatio
485 1373 647 1436 vulgo
678 1373 822 1431 rejici
849 1373 1034 1436 coepit,
1077 1389 1262 1436 parum
1289 1369 1552 1420 attendiss'e

240 1478 331 1510 eos
361 1461 497 1508 dicas
528 1458 835 1507 universum
861 1460 1020 1520 hujus
1045 1461 1553 1509 commemorationis

218 1550 497 1609 colorem,
548 1549 642 1612 qui
682 1549 909 1596 amicum
948 1559 997 1595 et
1034 1547 1297 1596 faventem
1344 1549 1555 1616 Quinti-

237 1630 380 1686 liano
403 1637 493 1685 vix
520 1646 710 1700 arguat.
790 1639 871 1684 An
902 1636 1162 1684 cumulata
1190 1635 1282 1683 ista
1309 1637 1553 1684 attributa

239 1742 268 1772 a
305 1723 460 1773 versu
506 1742 606 1782 190
647 1724 712 1771 ad
757 1738 856 1782 193
905 1724 1026 1772 sunt
1078 1723 1212 1771 serio
1255 1724 1552 1773 laudantis?

236 1815 435 1862 Nonne
468 1811 539 1859 est
567 1810 734 1860 irrisio
767 1813 824 1859 in
847 1812 937 1859 iis:
989 1814 1083 1868 „Et
1107 1809 1141 1858 fi
1169 1810 1406 1876 perfrixit
1435 1828 1553 1860 can-

237 1911 340 1959 „tat
364 1901 498 1948 bene
510 1901 565 1948 2⁶⁶
619 1902 747 1948 Non
769 1898 907 1962 fugit
926 1915 1011 1945 me
1033 1900 1129 1945 Sat.
1155 1903 1204 1955 6,
1238 1905 1323 1960 74,
1363 1899 1552 1965 turpis-

235 1988 374 2036 fimis
397 1987 703 2036 hominibus
724 1984 908 2033 diserte
929 1987 1130 2050 opponi
1146 1987 1550 2054 Quintilianum,

234 2092 408 2139 neque
431 2075 620 2122 melius
641 2075 818 2122 ceteris
839 2090 949 2131 me,
987 2091 1095 2138 quo
1114 2074 1239 2121 haec
1261 2074 1548 2134 tenderent,

233 2160 536 2228 perspexiffe
567 2163 702 2210 mihi
728 2161 891 2210 sumo.
969 2161 1030 2209 Id
1056 2179 1180 2226 ago,
1217 2178 1284 2210 ne
1315 2164 1433 2226 quis
1461 2180 1547 2211 ex-

234 2252 475 2316 peditum
509 2251 656 2299 omni
691 2267 753 2298 ex
778 2260 919 2315 parte
948 2250 1125 2298 locum
1165 2248 1440 2308 existimet,
1487 2253 1546 2299 in

235 2355 343 2402 quo
367 2348 653 2402 tanguntur
679 2337 879 2387 fortass'e
909 2337 1160 2401 quaedam
1189 2347 1315 2385 tunc
1342 2338 1401 2386 in
1427 2340 1549 2388 vul-

234 2442 329 2490 gus
360 2436 510 2483 nota,
559 2443 791 2490 quorum
825 2425 890 2473 ad
915 2441 1012 2474 nos
1046 2425 1231 2473 notitia
1254 2427 1402 2473 nulla
1429 2443 1546 2491 per·-

234 2514 448 2561 venerit.
531 2515 625 2560 ⁴An
666 2513 801 2562 forte
842 2524 892 2560 et
929 2514 1054 2560 haec
1084 2511 1246 2561 nostri
1279 2511 1543 2578 scriptoris

209 2623 218 2629 ··
235 2603 657 2650 commemoratio
686 2619 780 2666 per
806 2600 1029 2666 figuram
1065 2599 1196 2648 facta
1227 2599 1300 2648 est
1330 2618 1360 2648 a
1384 2605 1540 2656 Juve-
