1656 2990
297 221 395 269 57ιίΓ
610 211 684 257 M.
719 212 852 256 FAB.
888 213 1298 272 QUINTILIANI

236 333 654 385 24circumventi.
767 333 935 396 Igitur
972 335 1030 381 in
1071 333 1155 382 his
1193 332 1600 398 quoqne‘caufis

295 421 387 459 aut
422 409 487 456 de
511 405 636 479 sola
677 407 893 455 utilitate
923 409 1246 472 ambigetur,
1323 419 1412 457 aut
1451 425 1604 474 quae-

295 484 393 533 stio
425 485 560 531 inter
589 484 711 530 utile
742 494 895 546 atque
926 480 1184 551 honestum
1219 482 1465 532 consistet.
1541 489 1606 534 At

296 560 466 616 enim,
503 558 540 606 fi
563 559 680 622 quis
700 559 891 606 liberos
921 572 1191 622 procreare
1209 560 1376 616 volet,
1414 558 1605 608 neceffe

294 635 481 682 habeat
514 650 734 682 uxorem
771 633 974 681 ducere.
1069 636 1200 701 Quis
1231 634 1466 682 dubitat?
1518 633 1606 683 sed

297 710 373 764 ei,
419 710 514 772 qui
540 720 685 772 pater
717 710 835 756 vult
872 706 1014 766 fieri,
1069 710 1265 772 liqueat
1294 707 1487 757 neceffe
1519 707 1634 768 est„

231 803 284 839 25
299 801 514 832 uxorem
535 782 630 830 effe
653 783 958 831 ducendam.
1034 786 1214 847 Itaque
1234 786 1367 832 mihi
1396 801 1464 832 ne
1484 801 1606 833 con-

293 857 465 907 filium
513 859 727 921 quidem
770 858 1012 916 videtur,
1071 861 1167 907 ubi
1208 859 1458 908 necessitas
1507 858 1604 908 est:

293 951 404 982 non
427 935 588 998 magis
611 950 767 996 quam
790 935 885 981 ubi
902 933 1111 991 constat,
1148 935 1279 999 quid
1301 933 1415 982 fieri
1435 936 1605 984 omni-

293 1026 364 1057 no
399 1027 508 1056 non
540 1007 692 1072 poffe.
795 1010 979 1057 Omnis
1021 1011 1162 1058 enim
1207 1009 1512 1059 deliberatio
1541 1010 1606 1058 de

296 1083 472 1131 dubiis
497 1083 581 1131 est.
658 1085 855 1132 Melius
890 1085 1080 1148 igitur,
1131 1086 1224 1149 qui
1259 1087 1460 1134 tertiam
1493 1101 1606 1148 par-

295 1169 402 1206 tem
442 1160 687 1208 dixerunt
729 1159 928 1220 δυῦατὲν,
995 1159 1140 1224 quod
1175 1158 1339 1207 nostri
1376 1153 1606 1230 poffibile

293 1236 597 1283 nominant:
650 1253 808 1300 quae,
854 1247 915 1284 ut
954 1235 1083 1284 dura
1115 1235 1356 1283 videatur
1384 1236 1607 1300 appella-

292 1410 387 1449 Jent.
410 1408 579 1455 exemplo
599 1408 815 1458 corrigendo
837 1409 1002 1442 effectum
1016 1403 1115 1447 hoc,
1146 1409 1203 1443 sed
1224 1418 1260 1444 et
1282 1418 1364 1445 ante
1386 1413 1480 1445 irrite
1501 1423 1546 1444 ex
1571 1411 1607 1445 in

292 1475 379 1500 rate.
436 1467 471 1498 Is
491 1476 592 1498 error
612 1464 658 1498 est
677 1465 716 1497 in
737 1463 861 1498 Turic.
884 1476 1043 1510 quoque,
1071 1466 1136 1498 fic:
1177 1466 1212 1498 in
1241 1469 1258 1508 (
1271 1465 1544 1512 superimposito
1563 1467 1607 1513 r)

292 1523 371 1554 rite.
654 1533 725 1552 nec.
757 1518 894 1552 habeat.
951 1519 1076 1552 Turio.
1109 1528 1145 1552 et
1174 1519 1294 1554 Guelf.
1323 1534 1356 1554 n.
1388 1521 1492 1555 habet
1521 1533 1605 1555 cum

263 1605 266 1625 ᾖ
292 1574 390 1610 Voff.
418 1587 448 1607 1.
473 1583 508 1616 5.
567 1575 607 1607 In
634 1575 725 1609 ,te-ns.
748 1586 822 1606 mea
852 1573 1104 1620 [ubterpunxit
1132 1573 1262 1621 aliquis
1281 1589 1302 1608 α
1320 1575 1357 1608 in
1379 1575 1416 1609 h.
1434 1588 1475 1610 v.
1504 1577 1605 1618 ‘Ma-

293 1627 359 1664 lim
383 1629 458 1663 fere
476 1627 730 1667 indicativum,
762 1627 879 1677 potest
900 1630 1019 1663 tamen
1041 1629 1250 1677 potentialis
1271 1629 1443 1681 intelligi.

293 1781 404 1822 ‚,teio,
421 1779 559 1814 mutuis
573 1779 705 1813 ictibus
728 1779 767 1813 in
790 1780 822 1813 se
840 1791 923 1813 con-

293 1838 518 1873 „cucur1·it.“
547 1835 634 1868 item
659 1847 714 1882 ap.
735 1837 921 1880 ],ucan.4,

288 1891 369 1936 462
404 1910 455 1917 -—
488 1896 589 1933 532,
646 1890 824 1939 frigidum
862 1891 922 1924 hic

290 1957 438 1992 quoque
467 1945 672 1983 rhetorem,
711 1946 777 1991 qui
807 1945 920 1978 nimia

290 2000 455 2048 promisit
473 2012 510 2034 v.
533 2006 624 2044 574.
649 2008 712 2042 75.
741 2024 764 2038 „

290 2054 386 2095 „lam
429 2056 564 2098 maiore
603 2054 723 2089 locuta
756 2055 803 2088 est
844 2057 919 2090 Ore

290 2120 440 2149 „raterm
463 2119 581 2143 totum
604 2110 803 2144 discurrens
827 2111 919 2143 fama

291 2177 380 2212 „per
408 2166 573 2200 orbem.“
626 2167 786 2199 Eandem
818 2165 921 2199 histo-

289 2222 380 2255 riam
400 2220 551 2266 pulchre
573 2221 740 2267 exposuit
755 2220 918 2254 Freinsh-

291 2275 415 2322 Suppl.
438 2274 501 2309 lib.
515 2275 599 2308 Liv.
617 2288 631 2308 1
644 2287 689 2308 10
703 2287 730 2308 c.
744 2284 918 2317 52—55.

344 2331 458 2376 Igitur
491 2333 525 2364 in
556 2330 618 2365 his.
667 2330 711 2363 cf.
742 2330 784 2363 ad
813 2344 851 2368 ι,
882 2338 919 2372 5,

293 2393 356 2431 59.
385 2386 473 2418 adde
497 2385 571 2420 Cic.
592 2386 636 2418 de
657 2386 770 2434 Legg.
797 2398 828 2423 1,
862 2385 898 2418 6.

346 2440 475 2489 necqffe
497 2439 631 2473 habeat.
676 2440 720 2473 cf.
741 2450 805 2474 not
825 2439 914 2475 Crit.

848 2495 916 2528 His

769 2019 821 2026 —-
840 1999 921 2033 nul-

343 2493 412 2540 senl
442 2496 475 2528 ei
502 2514 549 2520 -—
584 2495 786 2528 ducendam.

978 1791 1027 1830 go
1057 1792 1123 1814 nec
1151 1779 1367 1815 deliberabit
1397 1779 1442 1815 de
1463 1780 1524 1816 ista
1551 1793 1602 1815 re.

978 1837 1036 1870 De
1069 1835 1266 1882 adoptione
1301 1845 1444 1874 autem,
1501 1836 1604 1881 cujus

978 1891 1201 1924 mentionem
1234 1891 1359 1937 'injicit
1401 1888 1604 1939 Capperon-

976 1946 1119 1984 nerins,
1151 1947 1324 1993 cujusque
1355 1958 1422 1994 ope
1454 1946 1603 1981 videtur

976 1999 1038 2034 illa
1080 2000 1259 2035 neceffitas
1301 2001 1455 2050 potuiss‘e
1495 2001 1601 2040 exiri,

974 2055 1035 2089 hic
1055 2068 1127 2089 non
1140 2057 1326 2106 ¹cogitavit
1339 2059 1406 2104 Qu.
1429 2057 1602 2103 quoniam

974 2110 1090 2150 dixit,
1116 2121 1218 2158 pater
1245 2113 1324 2147 vult
1345 2113 1432 2158 fieri
1461 2124 1528 2159 pro
1558 2122 1601 2145 eo

975 2165 1051 2212 ipso
1079 2166 1179 2212 quod
1210 2166 1322 2200 modo
1353 2175 1447 2204 erat,
1476 2167 1602 2201 liberos

974 2233 1155 2267 procreare
1192 2222 1297 2256 volet.
1369 2224 1419 2256 At
1457 2220 1603 2269 poss'unt

975 2284 1076 2309 extra
1106 2276 1331 2312 connubium
1352 2288 1498 2323 quoque
1519 2286 1602 2323 pro·

975 2331 1088 2364 creari
1109 2331 1236 2372 libem
1266 2341 1395 2379 nempe
1416 2331 1599 2380 legitimos

972 2384 1167 2424 intellexit,
1183 2399 1300 2433 neque
1311 2385 1598 2423 cavilladonxim.

972 2452 1062 2485 quae
1082 2441 1223 2489 polsent
1240 2441 1329 2480 fieri,
1350 2438 1527 2476 rationem
1540 2431 1599 2474 lia-

973 2494 1063 2530 buit.

290 2549 472 2584 refellitur
507 2550 606 2594 quod
636 2548 914 2589 obve1·tebatur;
977 2570 980 2572 >

289 2604 464 2643 nimirum
498 2603 574 2641 illi,
611 2604 674 2649 qui
702 2613 803 2650 pater
833 2603 917 2637 vult

281 2657 387 2695 sieri,
417 2670 488 2692 non
508 2658 622 2704 potest
639 2658 791 2692 dubium
813 2659 917 2692 vide·

288 2713 332 2751 ri,
361 2713 452 2759 quin
472 2725 568 2746 uxor
588 2715 629 2746 lit
648 2713 831 2753 ducendam
864 2725 917 2748 er-

1026 2602 1195 2652 pqffiln'le.
1252 2604 1311 2639 Sic
1338 2613 1374 2639 et
1396 2601 1596 2652 impoffibilo

973 2666 1008 2700 5,
1045 2671 1103 2697 ιο,
1141 2666 1199 2702 ²8·
1246 2659 1357 2703 εἰῇ.
1386 2658 1422 2698 6,
1452 2667 1503 2701 25
1533 2656 1597 2692 ubi

971 2713 1098 2748 similia
1118 2713 1163 2747 de
1181 2712 1335 2764 effemin-
