1656 2990
259 202 351 250 442
571 196 643 242 M.
679 197 809 239 ΕΑΒ.
847 197 1252 254 QUINTILIANI
1307 206 1319 248 5

256 315 562 372 defendant,
611 326 663 364 et
684 315 912 382 denique
943 317 1105 365 alium
1137 317 1241 367 alio
1271 319 1458 371 melius
1479 319 1562 369 10-

256 393 354 456 qui
379 391 601 440 credant.

368 544 452 589 III.
507 543 688 593 Omnis
729 553 902 592 autem
941 544 1119 592 orandi
1151 547 1278 593 ratio
1291 581 1306 601 ‚
1353 555 1418 593 ut
1442 544 1562 609 plu-

254 618 378 666 rimi
408 619 724 681 maximique
753 630 984 666 auctores
1019 619 1368 676 trad-iderunt,
1407 620 1563 683 quin-

253 709 359 756 que
378 693 609 756 partibus
628 693 844 750 constat,
877 697 1183 751 inventione,
1225 690 1558 764 dispositiome,

254 768 542 824 elocutione,
571 772 824 825 memoria,
858 773 1267 831 pronunciatione
1288 768 1392 817 five
1407 772 1561 835 aetio-

252 859 314 888 ne
351 845 374 903 (
383 853 611 906 utroque
654 845 794 892 enim
828 843 990 892 modo
1031 844 1264 907 dicitur).
1379 845 1560 892 Omnis

250 934 378 965 vero
427 916 621 974 sermo,
691 936 800 982 quo
842 918 1057 982 quidem
1095 921 1337 968 voluntas
1385 919 1557 982 aliqua

251 993 574 1048 enunciatur,
613 993 796 1040 habeat
823 991 1016 1041 neceffe
1040 993 1110 1041 est
1129 1005 1179 1042 et
1201 1011 1328 1052 rem,
1367 1003 1419 1041 et
1438 1010 1556 1042 ver-

217 1064 330 1113 2ba.
407 1069 495 1124 Ac,
537 1066 572 1114 fi
591 1067 662 1115 est
681 1069 868 1124 brevis,
901 1079 951 1116 et
968 1087 1072 1117 una
1093 1068 1423 1118 conclusione
1443 1067 1559 1116 fini-

249 1152 362 1197 tus,
414 1143 551 1190 nihil
581 1141 783 1191 fortaffe
821 1145 956 1191 ultra
988 1143 1266 1192 desideret:
1311 1153 1360 1191 at
1390 1143 1558 1192 oratio

247 1217 460 1280 longior
495 1218 647 1280 plura
673 1220 842 1282 exigit.
871 1246 873 1250 >
919 1220 1048 1266 Non
1077 1220 1218 1278 enim
1244 1229 1446 1268 tantum
1475 1233 1557 1265 re-

247 1290 373 1347 fert,
413 1291 566 1355 quid,
607 1303 657 1339 et
683 1310 788 1356 quo
815 1293 975 1341 modo
1006 1292 1260 1350 dicamus,
1291 1293 1380 1341 sed.
1402 1294 1555 1357 etiam

247 1383 355 1428 quo
375 1367 518 1414 loco:
567 1385 700 1431 opus
724 1385 846 1431 ergo
880 1367 948 1414 est
972 1378 1022 1414 et
1048 1365 1378 1438 disposicione.
1455 1367 1556 1417 Sed

245 1457 418 1503 neque
444 1442 635 1498 omnia,
677 1459 809 1505 quae
834 1459 913 1489 res
940 1441 1192 1505 postulat,
1230 1443 1428 1499 dicere,
1459 1459 1643 1497 ne-2252

246 1532 350 1579 que
369 1513 464 1563 suo
491 1532 730 1579 quaeque
750 1518 868 1564 1000
887 1553 899 1573 ‚
936 1519 1252 1580 poterimus,
1286 1515 1382 1565 nifi
1411 1517 1556 1583 adju-

244 1600 400 1638 vante
431 1594 682 1639 memoria.
761 1602 1076 1656 quapropter
1104 1609 1162 1640 ea
1193 1609 1407 1657 quoque
1441 1607 1556 1657 pars

329 1775 541 1823 maximique
553 1783 742 1822 auctores.¹
776 1774 897 1810 Guelf.
934 1789 980 1810 m.
1008 1787 1173 1811 oratores.
1230 1773 1349 1814 Solus,
1376 1783 1555 1822 quantum

244 1827 367 1863 video.
591 1829 714 1863 Omnis
730 1825 823 1864 vero.
865 1830 986 1865 Guelf.
1029 1831 1152 1866 Omnis
1175 1833 1275 1865 enim.
1329 1830 1416 1867 Non
1436 1828 1556 1877 displi-

244 1893 318 1921 cet,
347 1895 431 1917 cum
453 1882 622 1933 langueat
651 1893 811 1930 recepta:
869 1910 891 1924 ,‚
908 1887 1029 1920 Omnis
1049 1897 1164 1920 autem
1193 1905 1247 1912 —
1277 1885 1401 1921 Omnis
1428 1892 1555 1926 veroff‘

242 1940 375 1984 Neque
408 1937 510 1973 locus
544 1938 590 1971 est
621 1939 856 1985 oppositioni,
890 1953 998 1986 quam
1030 1939 1139 1974 habet
1165 1953 1259 1975 vero.
1333 1937 1554 1987 Expectabas

208 2039 209 2043 Ἰ
244 1994 382 2026 causam
414 1994 459 2026 fic
484 1992 701 2026 dividendae
729 1995 852 2029 orandi
882 1997 1047 2033 rationis,
1078 2007 1186 2041 quam
1206 1994 1353 2042 praestat
1381 1994 1555 2041 scriptura

242 2050 343 2082 enim.
409 2049 554 2087 Potexjat
583 2047 740 2082 alienum
772 2049 893 2083 videri
920 2050 1009 2087 hoc,
1058 2050 1142 2096 quia
1169 2050 1280 2084 modo
1306 2048 1552 2096 praecefferat:

243 2127 265 2141 ‚‚
279 2111 438 2148 utroque
465 2104 566 2136 enim.
580 2109 601 2123 “
658 2103 725 2136 Sed
747 2103 816 2138 1100
835 2104 1114 2154 negligendum,
1144 2105 1279 2152 quippe
1297 2104 1337 2138 in
1357 2104 1555 2152 pareuthefi

241 2158 419 2206 positum,
458 2156 600 2203 qualem
623 2158 720 2204 typis
749 2171 894 2206 quoque
924 2160 1126 2206 exprimere
1155 2160 1260 2194 [atius
1289 2158 1390 2193 duxi.
1448 2158 1554 2193 Solus

244 2222 366 2245 tamen
387 2214 477 2246 enim
498 2211 582 2246 dare
602 2211 752 2247 videtur
774 2213 894 2248 Gnelf.
1111 2212 1162 2262 est
1180 2225 1214 2248 et
1232 2213 1324 2261 disp.
1362 2213 1421 2248 Sic
1433 2212 1554 2249 Guelf,

243 2276 280 2299 et
302 2266 415 2301 Goth.
435 2278 519 2300 cum
540 2266 604 2304 iis,
633 2279 726 2313 quos
750 2268 908 2318 designat
928 2268 1024 2303 Gibs.
1045 2278 1080 2303 et
1101 2269 1180 2303 edd.
1204 2278 1284 2303 ante
1303 2268 1444 2316 Gryph.
1465 2268 1554 2302 meis

245 2320 428 2356 omnibus.
486 2323 521 2355 ls
545 2333 627 2355 cum
656 2321 796 2368 aliquot
826 2333 907 2357 ante
938 2323 1034 2358 Gibs.
1066 2323 1207 2357 omittit
1235 2334 1303 2367 et„

325 2389 370 2410 ea
389 2387 523 2424 quoqpe
541 2389 577 2422 p.
636 2377 746 2411 Goth.
768 2378 865 2414 Voss‘.
890 2388 911 2411 2
943 2390 1025 2411 011111
1053 2378 1133 2412 edd.
1157 2387 1239 2412 ante
1263 2375 1405 2424 Gryph.
1437 2378 1552 2412 omni-

243 2428 332 2468 bus,
362 2439 504 2478 praeter
526 2428 695 2464 Aldinam
715 2442 906 2478 utramque
928 2433 1105 2466 omittunt
1127 2441 1274 2480 quoque.
1330 2431 1469 2476 Placet3
1497 2428 1564 2467 uid

242 2485 362 2521 mium
400 2484 498 2519 enim
532 2486 750 2535 geminatur.
835 2487 982 2523 Retinet
1010 2487 1128 2522 tamen
1157 2486 1278 2523 Guelf.

298 2635 422 2672 Omnis
439 2643 535 2671 vero·-
575 2636 660 2676 Vid.
684 2647 761 2673 not.
775 2626 866 2675 (frit.
977 2652 1050 2672 rem
1071 2649 1104 2673 et
1120 2636 1247 2674 verba.'
1293 2637 1475 2674 Describit
1501 2642 1549 2676 in·
1564 2642 1571 2650 ‘

921 2695 1117 2729 vencionem
1143 2703 1181 2728 et
1207 2694 1446 2730 elocutionem.
