1656 2990
257 231 356 279 454
570 223 644 266 M.
681 223 810 267 FAB.
847 225 1255 283 QUINTILIANI

257 357 433 393 vetere
473 343 793 408 persuasione
833 346 1156 410 permanenti
1200 348 1350 398 velut
1383 357 1567 413 poten·-

260 420 324 468 da
363 418 419 466 fit
458 420 635 477 venia,
715 420 1201 486 quaerendumque,
1271 426 1399 491 Quov
1427 424 1566 477 'moti

261 495 460 559 priores
520 505 632 542 rem
672 506 777 544 tam
824 496 922 551 late
974 495 1138 545 fusam
1167 507 1295 563 *tam
1325 498 1567 546 -breviter

262 567 620 618 astrinxerint?
685 575 828 639 Quos
863 571 959 635 qui
991 570 1168 620 errass'e
1196 582 1411 637 putant,
1465 571 1569 620 hoc

261 643 461 693 secutos
495 647 833 703 arbitrantur,
873 646 1020 710 quod
1054 649 1111 695 in
1139 647 1221 698 his
1244 646 1352 695 fere
1379 645 1577 703 versari.

228 728 379 769 5tum
414 731 640 770 oratores
669 722 937 779 videbant;
975 739 1096 770 nam
1130 732 1180 771 et
1206 722 1380 779 laudes
1407 737 1464 770 ac
1491 723 1577 771 ‘vi-
1638 777 1644 781 ‚

263 800 604 858 tuperationes
625 795 992 855 scribebantur,
1031 807 1082 845 et
1104 795 1576 859 ἐπιταφίους-’ὤπτα
1648 827 1652 831 -

264 881 372 917 erat
403 872 592 928 moris,
623 883 693 920 *et
722 872 1011 937 plurimum
1033 875 1090 920 in
1111 871 1413 929 consiliisac
1434 871 1582 932 judi-,

265 945 357 993 ciis
374 942 731 995 insumebatur
755 964 963 1012 operae;
1002 957 1063 995 ut
1081 946 1349 1012 scriptores
1367 947 1583 1006 Artium*
1603 993 1605 996 ,
1648 981 1653 988 -

262 1035 360 1084 pro
421 1019 542 1069 solis
610 1022 1100 1086 comprehenderint
1158 1021 1567 1086 frequentissima.
1583 1034 1656 1071 227

231 1091 373 1162 6Qui
424 1112 553 1144 vero
605 1096 894 1146 defendunt
905 1116 931 1154 ,2
995 1099 1093 1145 tria
1144 1097 1343 1145 faciunt
1387 1111 1573 1162 genera

267 1170 592 1219 auditorum:
643 1190 841 1230 unum,
887 1173 1033 1236 quod
1067 1171 1132 1220 ad
1177 1172 1573 1220 delectationem

266 1248 567 1302 conveniat,
605 1248 851 1304 alterum,
890 1247 1034 1311 quod
1057 1247 1327 1295 confilium
1347 1246 1574 1310 accipiat,

262 1320 503 1376 tertium,
542 1322 689 1385 quod
717 1322 781 1368 de
814 1320 969 1370 causis
997 1322 1202 1382 judicet.
1280 1322 1423 1370 Mihi
1449 1337 1575 1368 cun-

268 1403 346 1441 cta
380 1395 591 1443 rimanti
627 1406 676 1443 et
708 1398 820 1445 talis
864 1397 1116 1460 quaedam
1146 1396 1276 1445 ratio
1305 1392 1576 1456 succurrit,

268 1468 415 1532 quod
447 1486 602 1518 omne
639 1472 855 1519 oratoris
894 1469 1147 1528 officium,
1185 1480 1276 1519 aut
1306 1472 1356 1517 in
1374 1469 1577 1534 judiciis

235 1540 367 1600 7est,
415 1552 503 1591 aut
541 1555 689 1594 extra
711 1545 919 1610 judicia.
1017 1549 1240 1604 Eorum,
1294 1544 1359 1593 de
1387 1545 1579 1609 quibus
1619 1568 1621 1570 ·

265 1618 464 1679 judicio
495 1623 790 1684 quaeritur,
823 1619 1151 1669 manifestum
1176 1637 1337 1685 genus
1367 1620 1465 1668 est:
1505 1635 1579 1675 ea,

266 1711 399 1757 quae
430 1693 495 1742 ad
525 1695 754 1754 judicem
782 1712 892 1744 non
918 1697 1164 1753 veniunt,
1216 1706 1304 1743 aut
1334 1695 1578 1759 praeteri-

216 1797 221 1817 ¹,
267 1777 383 1816 tum
419 1768 611 1818 habent
638 1779 868 1836 tempus,
927 1781 1016 1820 aut
1055 1770 1326 1819 futurum:
1382 1779 1579 1834 praete-

270 1845 366 1891 rita
410 1845 680 1894 laudamus
716 1857 805 1894 aut
838 1847 1219 1911 vituperamu53
1282 1843 1359 1893 -de
1385 1842 1580 1893 futuris

236 1918 631 1970 adeliberamus.
719 1923 848 1968 Item
883 1923 1058 1970 omnia
1088 1920 1151 1968 de
1186 1919 1376 1984 quibus
1407 1918 1582 1967 dicen-

272 1995 401 2041 dum
423 1993 517 2050 est,
557 2005 645 2043 aut
666 1994 921 2044 certa'smt
945 1994 1137 2044 neceffe
1159 1993 1254 2053 est,
1291 2005 1379 2043 aut
1408 1994 1581 2050 dubia,

273 2071 447 2126 Certa,
490 2080 551 2118 ut
577 2071 767 2134 cuique
800 2071 870 2118 est
901 2074 1128 2128 animus,
1165 2067 1340 2118 laudat
1361 2078 1450 2117 aut
1473 2068 1583 2117 cul·
1628 2106 1630 2110 .

272 2155 389 2208 pat:
431 2162 493 2192 ex
520 2145 694 2194 dubiis
729 2147 919 2211 partim
948 2147 1101 2195 nobis
1134 2145 1251 2210 ipfis
1285 2143 1350 2195 ad
1376 2136 1595 2192 electio-⁷
1633 2160 1641 2198 ὴ

355 2272 687 2320 comprehenderint.
742 2273 864 2313 Guelf.
892 2273 1228 2322 comprehenderent.
1285 2271 1344 2309 Ne
1364 2271 1411 2307 fic
1431 2268 1582 2319 quidem

274 2326 378 2363 male.
609 2333 684 2363 rim.
719 2340 752 2364 et
782 2331 844 2364 tal.
903 2333 958 2364 Ita
991 2330 1111 2365 Guelf.
1141 2338 1176 2363 et
1204 2329 1327 2363 Turio.
1359 2338 1443 2360 cum
1470 2325 1583 2361 Goth.

275 2383 372 2419 Voff.
398 2396 430 2417 1.
455 2393 491 2417 2.
518 2392 554 2426 3.
610 2385 717 2418 Bern.
740 2393 775 2418 et
795 2384 874 2418 edd.
895 2393 977 2418 ante
1000 2382 1141 2430 Gryph.
1170 2381 1341 2417 omnibus
1359 2384 1500 2428 praeter
1520 2383 1585 2415 Ba-

275 2437 380 2472 dium
403 2448 438 2472 et
461 2437 674 2474 Cervicorn.
704 2440 769 2486 qui
800 2451 880 2472 cum
906 2438 1168 2473 recentioribus
1194 2437 1371 2471 omittunt
1398 2447 1454 2474 et,
1484 2434 1586 2482 quod.
1632 2448 1634 2451 ·

275 2494 506 2527 necessarium
528 2493 584 2532 est,
613 2494 698 2540 quia
719 2495 828 2528 etiam
846 2493 948 2540 prins
969 2495 1117 2541 positam
1140 2493 1317 2538 rationem
1337 2491 1494 2541 agnoscit
1514 2492 1583 2536 Qu.

359 2549 408 2584 ad
427 2549 638 2583 electionem.
696 2548 817 2584 Guelf.
839 2549 887 2584 ad
907 2549 1142 2583 delectionem.
1189 2548 1318 2585 Venet.
1339 2546 1387 2580 ad
1405 2546 1586 2580 lectionem

327 2670 396 2704 tria
418 2687 472 2697 -·
491 2668 704 2706 auditorum.
763 2669 906 2706 Locum
1016 2681 1064 2705 eoo
1085 2668 1198 2704 dubiis
1216 2668 1361 2715 partim,
1399 2667 1587 2701 structura

275 2723 420 2759 Aristot.
442 2723 529 2760 vide
547 2726 587 2759 iu
607 2735 694 2761 nota
714 2726 758 2760 ad
780 2726 812 2770 ᾗ.
832 2737 864 2760 ι.
961 2726 1064 2760 vocis
1093 2725 1223 2774 partim
1250 2721 1296 2756 est
1325 2731 1494 2768 tanquam
1523 2730 1588 2753 no·
