<?xml version="1.0" encoding="UTF-8"?>
<!DOCTYPE html PUBLIC "-//W3C//DTD XHTML 1.0 Transitional//EN"
    "http://www.w3.org/TR/xhtml1/DTD/xhtml1-transitional.dtd">
<html xmlns="http://www.w3.org/1999/xhtml" xml:lang="en" lang="en">
 <head>
  <title>
</title>
<meta http-equiv="Content-Type" content="text/html;charset=utf-8" />
  <meta name='ocr-system' content='tesseract 3.04.00' />
  <meta name='ocr-capabilities' content='ocr_page ocr_carea ocr_par ocr_line ocrx_word'/>
</head>
<body>
  <div class='ocr_page' id='page_1' title='image "./deinstitutioneor01quinuoft_0115.png"; bbox 0 0 1656 2990; ppageno 0'>
   <div class='ocr_carea' id='block_1_1' title="bbox 532 67 572 100">
    <p class='ocr_par' dir='ltr' id='par_1_1' title="bbox 532 67 572 100">
     <span class='ocr_line' id='line_1_1' title="bbox 532 67 572 100; baseline 0 0"><span class='ocrx_word' id='word_1_1' title='bbox 532 67 548 91; x_wconf 44' lang='grc' dir='ltr'>β</span> <span class='ocrx_word' id='word_1_2' title='bbox 567 90 572 100; x_wconf 91' lang='grc' dir='ltr'><strong><em>Ι</em></strong></span> 
     </span>
    </p>
   </div>
   <div class='ocr_carea' id='block_1_2' title="bbox 402 215 1463 271">
    <p class='ocr_par' dir='ltr' id='par_1_2' title="bbox 402 215 1463 271">
     <span class='ocr_line' id='line_1_2' title="bbox 402 215 1463 271; baseline -0.002 -9"><span class='ocrx_word' id='word_1_3' title='bbox 402 217 564 262; x_wconf 86' lang='lat' dir='ltr'><strong>INST.</strong></span> <span class='ocrx_word' id='word_1_4' title='bbox 600 215 878 263; x_wconf 79' lang='lat' dir='ltr'>ORATOR.</span> <span class='ocrx_word' id='word_1_5' title='bbox 915 216 1034 260; x_wconf 84' lang='lat' dir='ltr'><strong>LIB.</strong></span> <span class='ocrx_word' id='word_1_6' title='bbox 1069 215 1187 271; x_wconf 54' lang='lat' dir='ltr'>Isi.</span> <span class='ocrx_word' id='word_1_7' title='bbox 1407 228 1463 261; x_wconf 79' lang='lat'>21</span> 
     </span>
    </p>
   </div>
   <div class='ocr_carea' id='block_1_3' title="bbox 24 339 1568 1416">
    <p class='ocr_par' dir='ltr' id='par_1_3' title="bbox 120 339 1469 408">
     <span class='ocr_line' id='line_1_3' title="bbox 120 339 1469 408; baseline -0.006 -13"><span class='ocrx_word' id='word_1_8' title='bbox 120 361 221 396; x_wconf 89' lang='lat' dir='ltr'>nec</span> <span class='ocrx_word' id='word_1_9' title='bbox 242 344 481 395; x_wconf 86' lang='lat' dir='ltr'>lanarum</span> <span class='ocrx_word' id='word_1_10' title='bbox 506 343 708 393; x_wconf 85' lang='lat' dir='ltr'>colores</span> <span class='ocrx_word' id='word_1_11' title='bbox 723 380 738 402; x_wconf 96' lang='lat'>‚</span> <span class='ocrx_word' id='word_1_12' title='bbox 776 341 973 408; x_wconf 84' lang='lat' dir='ltr'>quibus</span> <span class='ocrx_word' id='word_1_13' title='bbox 996 339 1213 408; x_wconf 79' lang='lat' dir='ltr'>simplex</span> <span class='ocrx_word' id='word_1_14' title='bbox 1233 340 1326 389; x_wconf 87' lang='lat' dir='ltr'>ille</span> <span class='ocrx_word' id='word_1_15' title='bbox 1350 356 1469 388; x_wconf 89' lang='lat' dir='ltr'>can-</span> 
     </span>
    </p>

    <p class='ocr_par' dir='ltr' id='par_1_4' title="bbox 43 415 1468 566">
     <span class='ocr_line' id='line_1_4' title="bbox 43 415 1468 486; baseline -0.006 -13"><span class='ocrx_word' id='word_1_16' title='bbox 43 445 51 448; x_wconf 49' lang='lat'><em>*</em></span> <span class='ocrx_word' id='word_1_17' title='bbox 122 421 224 472; x_wconf 88' lang='lat' dir='ltr'>dor</span> <span class='ocrx_word' id='word_1_18' title='bbox 259 432 493 472; x_wconf 85' lang='lat' dir='ltr'>mutatus</span> <span class='ocrx_word' id='word_1_19' title='bbox 523 419 620 479; x_wconf 85' lang='lat' dir='ltr'>est,</span> <span class='ocrx_word' id='word_1_20' title='bbox 657 421 769 470; x_wconf 84' lang='lat' dir='ltr'>elui</span> <span class='ocrx_word' id='word_1_21' title='bbox 802 417 1028 486; x_wconf 83' lang='lat' dir='ltr'>poffunt.</span> <span class='ocrx_word' id='word_1_22' title='bbox 1110 423 1176 468; x_wconf 91' lang='lat' dir='ltr'>Et</span> <span class='ocrx_word' id='word_1_23' title='bbox 1197 419 1326 467; x_wconf 86' lang='lat' dir='ltr'>haec</span> <span class='ocrx_word' id='word_1_24' title='bbox 1358 415 1468 483; x_wconf 77' lang='lat' dir='ltr'>ipsa</span> 
     </span>
     <span class='ocr_line' id='line_1_5' title="bbox 122 495 1468 566; baseline -0.005 -17"><span class='ocrx_word' id='word_1_25' title='bbox 122 501 288 566; x_wconf 86' lang='lat' dir='ltr'>magis</span> <span class='ocrx_word' id='word_1_26' title='bbox 330 499 667 566; x_wconf 83' lang='lat' dir='ltr'>pertinaciter</span> <span class='ocrx_word' id='word_1_27' title='bbox 717 498 960 556; x_wconf 81' lang='lat' dir='ltr'>haerent,</span> <span class='ocrx_word' id='word_1_28' title='bbox 1009 514 1142 563; x_wconf 82' lang='lat' dir='ltr'>quae</span> <span class='ocrx_word' id='word_1_29' title='bbox 1204 495 1468 545; x_wconf 82' lang='lat' dir='ltr'>deteriora</span> 
     </span>
    </p>

    <p class='ocr_par' dir='ltr' id='par_1_5' title="bbox 24 570 1568 951">
     <span class='ocr_line' id='line_1_6' title="bbox 24 570 1467 640; baseline -0.005 -13"><span class='ocrx_word' id='word_1_30' title='bbox 24 570 28 573; x_wconf 58' lang='grc'><strong><em>’</em></strong></span> <span class='ocrx_word' id='word_1_31' title='bbox 64 575 261 640; x_wconf 70' lang='lat' dir='ltr'>14sunt.</span> <span class='ocrx_word' id='word_1_32' title='bbox 328 594 454 626; x_wconf 85' lang='lat' dir='ltr'>nam</span> <span class='ocrx_word' id='word_1_33' title='bbox 489 577 630 626; x_wconf 86' lang='lat' dir='ltr'>bona</span> <span class='ocrx_word' id='word_1_34' title='bbox 673 574 828 624; x_wconf 82' lang='lat' dir='ltr'>facile</span> <span class='ocrx_word' id='word_1_35' title='bbox 863 585 1140 624; x_wconf 86' lang='lat' dir='ltr'>mutantur</span> <span class='ocrx_word' id='word_1_36' title='bbox 1187 575 1247 622; x_wconf 82' lang='lat' dir='ltr'>in</span> <span class='ocrx_word' id='word_1_37' title='bbox 1285 576 1467 639; x_wconf 84' lang='lat' dir='ltr'>pejus:</span> 
     </span>
     <span class='ocr_line' id='line_1_7' title="bbox 87 651 1467 720; baseline -0.004 -16"><span class='ocrx_word' id='word_1_38' title='bbox 87 712 91 718; x_wconf 32' lang='grc' dir='ltr'>Ι</span> <span class='ocrx_word' id='word_1_39' title='bbox 125 671 272 704; x_wconf 87' lang='lat' dir='ltr'>nunc</span> <span class='ocrx_word' id='word_1_40' title='bbox 305 653 518 720; x_wconf 89' lang='lat' dir='ltr'>quando</span> <span class='ocrx_word' id='word_1_41' title='bbox 555 653 615 702; x_wconf 91' lang='lat' dir='ltr'>in</span> <span class='ocrx_word' id='word_1_42' title='bbox 645 653 853 703; x_wconf 87' lang='lat' dir='ltr'>bonum</span> <span class='ocrx_word' id='word_1_43' title='bbox 880 653 1096 702; x_wconf 86' lang='lat' dir='ltr'>verteris</span> <span class='ocrx_word' id='word_1_44' title='bbox 1125 651 1290 701; x_wconf 74' lang='lat' dir='ltr'>vitia?</span> <span class='ocrx_word' id='word_1_45' title='bbox 1335 651 1467 699; x_wconf 89' lang='lat' dir='ltr'>Non</span> 
     </span>
     <span class='ocr_line' id='line_1_8' title="bbox 123 725 1468 796; baseline -0.004 -16"><span class='ocrx_word' id='word_1_46' title='bbox 123 728 365 780; x_wconf 79' lang='lat' dir='ltr'>affuescat</span> <span class='ocrx_word' id='word_1_47' title='bbox 386 747 529 796; x_wconf 87' lang='lat' dir='ltr'>ergo,</span> <span class='ocrx_word' id='word_1_48' title='bbox 567 747 635 778; x_wconf 89' lang='lat' dir='ltr'>ne</span> <span class='ocrx_word' id='word_1_49' title='bbox 660 730 793 779; x_wconf 91' lang='lat' dir='ltr'>dum</span> <span class='ocrx_word' id='word_1_50' title='bbox 817 728 990 779; x_wconf 83' lang='lat' dir='ltr'>infans</span> <span class='ocrx_word' id='word_1_51' title='bbox 1017 728 1238 796; x_wconf 88' lang='lat' dir='ltr'>quidem</span> <span class='ocrx_word' id='word_1_52' title='bbox 1253 726 1340 786; x_wconf 86' lang='lat' dir='ltr'>est,</span> <span class='ocrx_word' id='word_1_53' title='bbox 1364 725 1468 776; x_wconf 83' lang='lat' dir='ltr'>ser-</span> 
     </span>
     <span class='ocr_line' id='line_1_9' title="bbox 118 805 1568 874; baseline -0.003 -18"><span class='ocrx_word' id='word_1_54' title='bbox 118 809 299 867; x_wconf 81' lang='lat' dir='ltr'>moni,</span> <span class='ocrx_word' id='word_1_55' title='bbox 336 809 433 874; x_wconf 81' lang='lat' dir='ltr'>qui</span> <span class='ocrx_word' id='word_1_56' title='bbox 453 805 801 857; x_wconf 81' lang='lat' dir='ltr'>dediscendus</span> <span class='ocrx_word' id='word_1_57' title='bbox 827 805 900 856; x_wconf 85' lang='lat' dir='ltr'>fit.</span> <span class='ocrx_word' id='word_1_58' title='bbox 977 809 1040 856; x_wconf 89' lang='lat' dir='ltr'>In</span> <span class='ocrx_word' id='word_1_59' title='bbox 1053 806 1359 872; x_wconf 86' lang='lat' dir='ltr'>parentibus</span> <span class='ocrx_word' id='word_1_60' title='bbox 1375 811 1503 853; x_wconf 63' lang='lat' dir='ltr'>xre-6</span> <span class='ocrx_word' id='word_1_61' title='bbox 1566 835 1568 840; x_wconf 84' lang='lat'><em>·</em></span> 
     </span>
     <span class='ocr_line' id='line_1_10' title="bbox 120 883 1465 951; baseline -0.003 -18"><span class='ocrx_word' id='word_1_62' title='bbox 120 901 184 934; x_wconf 86' lang='lat' dir='ltr'>ro</span> <span class='ocrx_word' id='word_1_63' title='bbox 208 886 666 951; x_wconf 85' lang='lat' dir='ltr'>quamplurimum</span> <span class='ocrx_word' id='word_1_64' title='bbox 689 883 787 933; x_wconf 83' lang='lat' dir='ltr'>effe</span> <span class='ocrx_word' id='word_1_65' title='bbox 809 884 1126 934; x_wconf 87' lang='lat' dir='ltr'>eruditionis</span> <span class='ocrx_word' id='word_1_66' title='bbox 1156 883 1465 949; x_wconf 81' lang='lat' dir='ltr'>optaverim.</span> 
     </span>
    </p>

    <p class='ocr_par' dir='ltr' id='par_1_6' title="bbox 74 960 1540 1416">
     <span class='ocr_line' id='line_1_11' title="bbox 74 960 1540 1026; baseline 0.001 -18"><span class='ocrx_word' id='word_1_67' title='bbox 74 961 79 964; x_wconf 55' lang='grc'><strong>“</strong></span> <span class='ocrx_word' id='word_1_68' title='bbox 120 962 322 1010; x_wconf 85' lang='lat' dir='ltr'>&#39;Verum</span> <span class='ocrx_word' id='word_1_69' title='bbox 354 978 452 1010; x_wconf 89' lang='lat' dir='ltr'>nec</span> <span class='ocrx_word' id='word_1_70' title='bbox 484 960 550 1021; x_wconf 85' lang='lat' dir='ltr'>de</span> <span class='ocrx_word' id='word_1_71' title='bbox 575 962 813 1026; x_wconf 87' lang='lat' dir='ltr'>patribus</span> <span class='ocrx_word' id='word_1_72' title='bbox 838 971 1046 1010; x_wconf 84' lang='lat' dir='ltr'>tantum</span> <span class='ocrx_word' id='word_1_73' title='bbox 1070 961 1279 1026; x_wconf 90' lang='lat' dir='ltr'>loquor.</span> <span class='ocrx_word' id='word_1_74' title='bbox 1343 977 1466 1009; x_wconf 86' lang='lat' dir='ltr'>nam</span> <span class='ocrx_word' id='word_1_75' title='bbox 1536 984 1540 986; x_wconf 45' lang='grc'>“</span> 
     </span>
     <span class='ocr_line' id='line_1_12' title="bbox 120 1034 1465 1103; baseline -0.001 -18"><span class='ocrx_word' id='word_1_76' title='bbox 120 1037 482 1087; x_wconf 83' lang='lat' dir='ltr'>Gracchorum</span> <span class='ocrx_word' id='word_1_77' title='bbox 536 1039 872 1103; x_wconf 85' lang='lat' dir='ltr'>eloquentiae</span> <span class='ocrx_word' id='word_1_78' title='bbox 913 1039 1150 1087; x_wconf 86' lang='lat' dir='ltr'>multum</span> <span class='ocrx_word' id='word_1_79' title='bbox 1189 1034 1465 1086; x_wconf 78' lang='lat' dir='ltr'>contuliffe</span> 
     </span>
     <span class='ocr_line' id='line_1_13' title="bbox 120 1112 1466 1180; baseline -0.001 -18"><span class='ocrx_word' id='word_1_80' title='bbox 120 1115 416 1180; x_wconf 85' lang='lat' dir='ltr'>accepimus</span> <span class='ocrx_word' id='word_1_81' title='bbox 450 1115 756 1166; x_wconf 84' lang='lat' dir='ltr'>Corneliam</span> <span class='ocrx_word' id='word_1_82' title='bbox 790 1125 1006 1164; x_wconf 87' lang='lat' dir='ltr'>matrem</span> <span class='ocrx_word' id='word_1_83' title='bbox 1023 1152 1036 1173; x_wconf 91' lang='lat'>‚</span> <span class='ocrx_word' id='word_1_84' title='bbox 1087 1118 1237 1173; x_wconf 83' lang='lat' dir='ltr'>cuius</span> <span class='ocrx_word' id='word_1_85' title='bbox 1275 1112 1466 1163; x_wconf 84' lang='lat' dir='ltr'>doctis-</span> 
     </span>
     <span class='ocr_line' id='line_1_14' title="bbox 119 1189 1467 1258; baseline -0.003 -16"><span class='ocrx_word' id='word_1_86' title='bbox 119 1190 279 1242; x_wconf 74' lang='lat' dir='ltr'>simus</span> <span class='ocrx_word' id='word_1_87' title='bbox 306 1190 477 1243; x_wconf 81' lang='lat' dir='ltr'>sermo</span> <span class='ocrx_word' id='word_1_88' title='bbox 518 1193 575 1240; x_wconf 86' lang='lat' dir='ltr'>in</span> <span class='ocrx_word' id='word_1_89' title='bbox 612 1191 848 1258; x_wconf 87' lang='lat' dir='ltr'>posteros</span> <span class='ocrx_word' id='word_1_90' title='bbox 884 1209 1101 1258; x_wconf 90' lang='lat' dir='ltr'>quoque</span> <span class='ocrx_word' id='word_1_91' title='bbox 1137 1190 1209 1240; x_wconf 86' lang='lat' dir='ltr'>est</span> <span class='ocrx_word' id='word_1_92' title='bbox 1231 1189 1467 1257; x_wconf 79' lang='lat' dir='ltr'>epistolis</span> 
     </span>
     <span class='ocr_line' id='line_1_15' title="bbox 119 1267 1467 1334; baseline -0.002 -15"><span class='ocrx_word' id='word_1_93' title='bbox 119 1268 369 1319; x_wconf 83' lang='lat' dir='ltr'>traditus:</span> <span class='ocrx_word' id='word_1_94' title='bbox 412 1280 463 1318; x_wconf 89' lang='lat' dir='ltr'>et</span> <span class='ocrx_word' id='word_1_95' title='bbox 488 1270 655 1318; x_wconf 88' lang='lat' dir='ltr'>Laelii</span> <span class='ocrx_word' id='word_1_96' title='bbox 685 1269 793 1319; x_wconf 89' lang='lat' dir='ltr'>filia</span> <span class='ocrx_word' id='word_1_97' title='bbox 815 1267 1097 1319; x_wconf 83' lang='lat' dir='ltr'>reddidiffe</span> <span class='ocrx_word' id='word_1_98' title='bbox 1112 1270 1169 1318; x_wconf 88' lang='lat' dir='ltr'>in</span> <span class='ocrx_word' id='word_1_99' title='bbox 1189 1267 1467 1334; x_wconf 88' lang='lat' dir='ltr'>loquendo</span> 
     </span>
     <span class='ocr_line' id='line_1_16' title="bbox 119 1347 1467 1416; baseline -0.001 -21"><span class='ocrx_word' id='word_1_100' title='bbox 119 1356 389 1414; x_wconf 84' lang='lat' dir='ltr'>paternam</span> <span class='ocrx_word' id='word_1_101' title='bbox 429 1347 740 1413; x_wconf 83' lang='lat' dir='ltr'>elegantiam</span> <span class='ocrx_word' id='word_1_102' title='bbox 779 1347 1003 1398; x_wconf 85' lang='lat' dir='ltr'>dicitur:</span> <span class='ocrx_word' id='word_1_103' title='bbox 1047 1357 1097 1395; x_wconf 88' lang='lat' dir='ltr'>et</span> <span class='ocrx_word' id='word_1_104' title='bbox 1120 1347 1306 1416; x_wconf 72' lang='lat' dir='ltr'>Quinti</span> <span class='ocrx_word' id='word_1_105' title='bbox 1330 1350 1467 1396; x_wconf 84' lang='lat' dir='ltr'>Hor-</span> 
     </span>
    </p>
   </div>
   <div class='ocr_carea' id='block_1_4' title="bbox 76 1478 1471 1924">
    <p class='ocr_par' dir='ltr' id='par_1_7' title="bbox 202 1478 1468 1530">
     <span class='ocr_line' id='line_1_17' title="bbox 202 1478 1468 1530; baseline -0.002 -15"><span class='ocrx_word' id='word_1_106' title='bbox 202 1493 293 1515; x_wconf 82' lang='lat' dir='ltr'>nunc</span> <span class='ocrx_word' id='word_1_107' title='bbox 320 1479 475 1530; x_wconf 81' lang='lat' dir='ltr'>quando.</span> <span class='ocrx_word' id='word_1_108' title='bbox 533 1482 634 1517; x_wconf 78' lang='lat' dir='ltr'>Haec</span> <span class='ocrx_word' id='word_1_109' title='bbox 665 1479 854 1515; x_wconf 79' lang='lat' dir='ltr'>duriss&#39;ima</span> <span class='ocrx_word' id='word_1_110' title='bbox 877 1480 925 1515; x_wconf 80' lang='lat' dir='ltr'>est</span> <span class='ocrx_word' id='word_1_111' title='bbox 946 1490 982 1515; x_wconf 82' lang='lat' dir='ltr'>et</span> <span class='ocrx_word' id='word_1_112' title='bbox 1017 1479 1174 1529; x_wconf 79' lang='lat' dir='ltr'>abrupta</span> <span class='ocrx_word' id='word_1_113' title='bbox 1206 1478 1468 1530; x_wconf 77' lang='lat' dir='ltr'>iuterrogatio.</span> 
     </span>
    </p>

    <p class='ocr_par' dir='ltr' id='par_1_8' title="bbox 76 1534 1471 1924">
     <span class='ocr_line' id='line_1_18' title="bbox 120 1534 1468 1584; baseline 0 -14"><span class='ocrx_word' id='word_1_114' title='bbox 120 1534 203 1577; x_wconf 77' lang='lat' dir='ltr'>Nec</span> <span class='ocrx_word' id='word_1_115' title='bbox 233 1534 394 1571; x_wconf 79' lang='lat' dir='ltr'>ostendas</span> <span class='ocrx_word' id='word_1_116' title='bbox 420 1536 541 1572; x_wconf 85' lang='lat' dir='ltr'>ullum</span> <span class='ocrx_word' id='word_1_117' title='bbox 578 1537 670 1574; x_wconf 87' lang='lat' dir='ltr'>cod.</span> <span class='ocrx_word' id='word_1_118' title='bbox 707 1537 746 1572; x_wconf 88' lang='lat' dir='ltr'>in</span> <span class='ocrx_word' id='word_1_119' title='bbox 769 1549 845 1584; x_wconf 82' lang='lat' dir='ltr'>quo</span> <span class='ocrx_word' id='word_1_120' title='bbox 871 1539 910 1572; x_wconf 81' lang='lat' dir='ltr'>fit</span> <span class='ocrx_word' id='word_1_121' title='bbox 943 1552 1044 1573; x_wconf 81' lang='lat' dir='ltr'>nunc.</span> <span class='ocrx_word' id='word_1_122' title='bbox 1113 1538 1223 1576; x_wconf 79' lang='lat' dir='ltr'>Num,</span> <span class='ocrx_word' id='word_1_123' title='bbox 1264 1535 1364 1584; x_wconf 85' lang='lat' dir='ltr'>quod</span> <span class='ocrx_word' id='word_1_124' title='bbox 1397 1547 1468 1583; x_wconf 86' lang='lat' dir='ltr'>pro</span> 
     </span>
     <span class='ocr_line' id='line_1_19' title="bbox 122 1590 1468 1643; baseline -0.001 -16"><span class='ocrx_word' id='word_1_125' title='bbox 122 1603 167 1627; x_wconf 74' lang='lat' dir='ltr'>eo</span> <span class='ocrx_word' id='word_1_126' title='bbox 199 1590 263 1627; x_wconf 81' lang='lat' dir='ltr'>dat</span> <span class='ocrx_word' id='word_1_127' title='bbox 291 1591 417 1633; x_wconf 65' lang='lat' dir='ltr'>Alm„</span> <span class='ocrx_word' id='word_1_128' title='bbox 458 1603 496 1629; x_wconf 85' lang='lat' dir='ltr'>et</span> <span class='ocrx_word' id='word_1_129' title='bbox 525 1594 645 1643; x_wconf 84' lang='lat' dir='ltr'>ipsum</span> <span class='ocrx_word' id='word_1_130' title='bbox 680 1593 922 1633; x_wconf 78' lang='lat' dir='ltr'>salebrosum,</span> <span class='ocrx_word' id='word_1_131' title='bbox 962 1607 1046 1628; x_wconf 88' lang='lat' dir='ltr'>cum</span> <span class='ocrx_word' id='word_1_132' title='bbox 1082 1608 1182 1632; x_wconf 79' lang='lat' dir='ltr'>nam,</span> <span class='ocrx_word' id='word_1_133' title='bbox 1212 1593 1468 1642; x_wconf 82' lang='lat' dir='ltr'>plurimorum</span> 
     </span>
     <span class='ocr_line' id='line_1_20' title="bbox 121 1647 1470 1700; baseline -0.001 -16"><span class='ocrx_word' id='word_1_134' title='bbox 121 1658 165 1684; x_wconf 83' lang='lat' dir='ltr'>ut</span> <span class='ocrx_word' id='word_1_135' title='bbox 188 1657 226 1683; x_wconf 85' lang='lat' dir='ltr'>et</span> <span class='ocrx_word' id='word_1_136' title='bbox 248 1647 372 1685; x_wconf 83' lang='lat' dir='ltr'>Guelf.</span> <span class='ocrx_word' id='word_1_137' title='bbox 397 1650 598 1700; x_wconf 72' lang='lat' dir='ltr'>scriptura,</span> <span class='ocrx_word' id='word_1_138' title='bbox 643 1651 736 1686; x_wconf 74' lang='lat' dir='ltr'>ferri</span> <span class='ocrx_word' id='word_1_139' title='bbox 770 1649 878 1699; x_wconf 80' lang='lat' dir='ltr'>plane</span> <span class='ocrx_word' id='word_1_140' title='bbox 904 1660 1078 1698; x_wconf 80' lang='lat' dir='ltr'>nequeat.</span> <span class='ocrx_word' id='word_1_141' title='bbox 1150 1650 1228 1686; x_wconf 85' lang='lat' dir='ltr'>Nifi</span> <span class='ocrx_word' id='word_1_142' title='bbox 1263 1650 1379 1685; x_wconf 79' lang='lat' dir='ltr'>seusus</span> <span class='ocrx_word' id='word_1_143' title='bbox 1409 1649 1470 1682; x_wconf 85' lang='lat' dir='ltr'>fie-</span> 
     </span>
     <span class='ocr_line' id='line_1_21' title="bbox 119 1705 1469 1756; baseline 0 -17"><span class='ocrx_word' id='word_1_144' title='bbox 119 1714 179 1740; x_wconf 76' lang='lat' dir='ltr'>tet</span> <span class='ocrx_word' id='word_1_145' title='bbox 211 1705 373 1745; x_wconf 72' lang='lat' dir='ltr'>nimius,</span> <span class='ocrx_word' id='word_1_146' title='bbox 408 1707 571 1742; x_wconf 84' lang='lat' dir='ltr'>maxime</span> <span class='ocrx_word' id='word_1_147' title='bbox 600 1706 796 1755; x_wconf 76' lang='lat' dir='ltr'>probarem</span> <span class='ocrx_word' id='word_1_148' title='bbox 820 1707 920 1744; x_wconf 79' lang='lat' dir='ltr'>Voff.</span> <span class='ocrx_word' id='word_1_149' title='bbox 948 1708 1008 1742; x_wconf 84' lang='lat' dir='ltr'>2d.</span> <span class='ocrx_word' id='word_1_150' title='bbox 1046 1721 1223 1756; x_wconf 74' lang='lat' dir='ltr'>nunquam</span> <span class='ocrx_word' id='word_1_151' title='bbox 1246 1710 1262 1749; x_wconf 89' lang='lat'>(</span> <span class='ocrx_word' id='word_1_152' title='bbox 1275 1718 1343 1754; x_wconf 83' lang='lat' dir='ltr'>pro</span> <span class='ocrx_word' id='word_1_153' title='bbox 1377 1719 1469 1740; x_wconf 79' lang='lat' dir='ltr'>nunc</span> 
     </span>
     <span class='ocr_line' id='line_1_22' title="bbox 122 1760 1469 1812; baseline 0.001 -17"><span class='ocrx_word' id='word_1_154' title='bbox 122 1760 295 1809; x_wconf 82' lang='lat' dir='ltr'>quando)</span> <span class='ocrx_word' id='word_1_155' title='bbox 335 1761 438 1809; x_wconf 86' lang='lat' dir='ltr'>quod</span> <span class='ocrx_word' id='word_1_156' title='bbox 475 1763 614 1811; x_wconf 79' lang='lat' dir='ltr'>recepit</span> <span class='ocrx_word' id='word_1_157' title='bbox 659 1762 863 1803; x_wconf 85' lang='lat' dir='ltr'>Obrecht.,</span> <span class='ocrx_word' id='word_1_158' title='bbox 914 1763 1060 1798; x_wconf 75' lang='lat' dir='ltr'>fortasse</span> <span class='ocrx_word' id='word_1_159' title='bbox 1109 1775 1128 1797; x_wconf 82' lang='lat' dir='ltr'>e</span> <span class='ocrx_word' id='word_1_160' title='bbox 1171 1764 1266 1799; x_wconf 85' lang='lat' dir='ltr'>cod.</span> <span class='ocrx_word' id='word_1_161' title='bbox 1311 1763 1469 1812; x_wconf 75' lang='lat' dir='ltr'>Argent.</span> 
     </span>
     <span class='ocr_line' id='line_1_23' title="bbox 76 1817 1471 1870; baseline -0.001 -18"><span class='ocrx_word' id='word_1_162' title='bbox 76 1854 80 1859; x_wconf 64' lang='grc'><strong>,</strong></span> <span class='ocrx_word' id='word_1_163' title='bbox 123 1817 228 1852; x_wconf 73' lang='lat' dir='ltr'>Nunc</span> <span class='ocrx_word' id='word_1_164' title='bbox 259 1817 358 1852; x_wconf 84' lang='lat' dir='ltr'>unde</span> <span class='ocrx_word' id='word_1_165' title='bbox 389 1819 453 1857; x_wconf 84' lang='lat' dir='ltr'>fit,</span> <span class='ocrx_word' id='word_1_166' title='bbox 498 1819 656 1870; x_wconf 80' lang='lat' dir='ltr'>ignoro;</span> <span class='ocrx_word' id='word_1_167' title='bbox 697 1820 842 1868; x_wconf 82' lang='lat' dir='ltr'>primus</span> <span class='ocrx_word' id='word_1_168' title='bbox 871 1819 1025 1854; x_wconf 84' lang='lat' dir='ltr'>videtur</span> <span class='ocrx_word' id='word_1_169' title='bbox 1056 1818 1141 1857; x_wconf 75' lang='lat' dir='ltr'>dare</span> <span class='ocrx_word' id='word_1_170' title='bbox 1171 1819 1307 1855; x_wconf 72' lang='lat' dir='ltr'>Badius</span> <span class='ocrx_word' id='word_1_171' title='bbox 1342 1820 1471 1852; x_wconf 80' lang='lat' dir='ltr'>Ascen-</span> 
     </span>
     <span class='ocr_line' id='line_1_24' title="bbox 124 1873 1470 1924; baseline -0.001 -15"><span class='ocrx_word' id='word_1_172' title='bbox 124 1873 204 1909; x_wconf 72' lang='lat' dir='ltr'>fiua.</span> <span class='ocrx_word' id='word_1_173' title='bbox 273 1875 319 1908; x_wconf 83' lang='lat' dir='ltr'>In</span> <span class='ocrx_word' id='word_1_174' title='bbox 349 1874 472 1910; x_wconf 81' lang='lat' dir='ltr'>Guelf.</span> <span class='ocrx_word' id='word_1_175' title='bbox 516 1885 665 1923; x_wconf 84' lang='lat' dir='ltr'>recepto</span> <span class='ocrx_word' id='word_1_176' title='bbox 698 1876 737 1910; x_wconf 85' lang='lat' dir='ltr'>in</span> <span class='ocrx_word' id='word_1_177' title='bbox 777 1875 946 1911; x_wconf 84' lang='lat' dir='ltr'>ordinem</span> <span class='ocrx_word' id='word_1_178' title='bbox 978 1889 1060 1910; x_wconf 84' lang='lat' dir='ltr'>nam</span> <span class='ocrx_word' id='word_1_179' title='bbox 1092 1876 1235 1924; x_wconf 79' lang='lat' dir='ltr'>quando</span> <span class='ocrx_word' id='word_1_180' title='bbox 1277 1874 1470 1923; x_wconf 76' lang='lat' dir='ltr'>superscri-</span> 
     </span>
    </p>
   </div>
   <div class='ocr_carea' id='block_1_5' title="bbox 122 1925 1470 2093">
    <p class='ocr_par' dir='ltr' id='par_1_9' title="bbox 122 1925 1470 2093">
     <span class='ocr_line' id='line_1_25' title="bbox 122 1925 1467 1980; baseline 0.002 -18"><span class='ocrx_word' id='word_1_181' title='bbox 122 1925 228 1963; x_wconf 81' lang='lat' dir='ltr'>bitur</span> <span class='ocrx_word' id='word_1_182' title='bbox 274 1930 507 1966; x_wconf 81' lang='lat' dir='ltr'>tenuioribus</span> <span class='ocrx_word' id='word_1_183' title='bbox 555 1930 694 1966; x_wconf 87' lang='lat' dir='ltr'>literis:</span> <span class='ocrx_word' id='word_1_184' title='bbox 755 1932 816 1967; x_wconf 84' lang='lat' dir='ltr'>al:</span> <span class='ocrx_word' id='word_1_185' title='bbox 858 1945 902 1966; x_wconf 84' lang='lat' dir='ltr'>ne</span> <span class='ocrx_word' id='word_1_186' title='bbox 948 1931 1103 1980; x_wconf 72' lang='lat' dir='ltr'>qnando.</span> <span class='ocrx_word' id='word_1_187' title='bbox 1324 1931 1363 1966; x_wconf 87' lang='lat' dir='ltr'><em>V</em></span> <span class='ocrx_word' id='word_1_188' title='bbox 1358 1945 1467 1966; x_wconf 81' lang='lat' dir='ltr'>erum.</span> 
     </span>
     <span class='ocr_line' id='line_1_26' title="bbox 124 1982 1470 2038; baseline 0.001 -19"><span class='ocrx_word' id='word_1_189' title='bbox 124 1982 265 2019; x_wconf 71' lang='lat' dir='ltr'>Melius</span> <span class='ocrx_word' id='word_1_190' title='bbox 285 1985 372 2021; x_wconf 81' lang='lat' dir='ltr'>abfit</span> <span class='ocrx_word' id='word_1_191' title='bbox 392 1985 483 2022; x_wconf 82' lang='lat' dir='ltr'>haec</span> <span class='ocrx_word' id='word_1_192' title='bbox 501 2000 595 2023; x_wconf 83' lang='lat' dir='ltr'>vox.</span> <span class='ocrx_word' id='word_1_193' title='bbox 661 1989 721 2024; x_wconf 83' lang='lat' dir='ltr'>An</span> <span class='ocrx_word' id='word_1_194' title='bbox 744 1988 887 2038; x_wconf 81' lang='lat' dir='ltr'>irrepfit</span> <span class='ocrx_word' id='word_1_195' title='bbox 908 2001 974 2037; x_wconf 83' lang='lat' dir='ltr'>per</span> <span class='ocrx_word' id='word_1_196' title='bbox 997 2000 1161 2023; x_wconf 83' lang='lat' dir='ltr'>errorem</span> <span class='ocrx_word' id='word_1_197' title='bbox 1184 2000 1231 2022; x_wconf 91' lang='lat' dir='ltr'>ex</span> <span class='ocrx_word' id='word_1_198' title='bbox 1251 1987 1470 2036; x_wconf 75' lang='lat' dir='ltr'>praeceden-</span> 
     </span>
     <span class='ocr_line' id='line_1_27' title="bbox 125 2037 1467 2093; baseline 0.004 -19"><span class='ocrx_word' id='word_1_199' title='bbox 125 2037 174 2074; x_wconf 80' lang='lat' dir='ltr'>tis</span> <span class='ocrx_word' id='word_1_200' title='bbox 204 2039 367 2077; x_wconf 71' lang='lat' dir='ltr'>ultimis:</span> <span class='ocrx_word' id='word_1_201' title='bbox 404 2045 635 2092; x_wconf 64' lang='lat' dir='ltr'>optaveritis?</span> <span class='ocrx_word' id='word_1_202' title='bbox 863 2046 1091 2093; x_wconf 76' lang='lat' dir='ltr'>elegantiam.</span> <span class='ocrx_word' id='word_1_203' title='bbox 1149 2047 1206 2080; x_wconf 73' lang='lat' dir='ltr'>Ita</span> <span class='ocrx_word' id='word_1_204' title='bbox 1241 2044 1333 2080; x_wconf 87' lang='lat' dir='ltr'>Cod.</span> <span class='ocrx_word' id='word_1_205' title='bbox 1368 2043 1467 2080; x_wconf 86' lang='lat' dir='ltr'>Alm.</span> 
     </span>
    </p>
   </div>
   <div class='ocr_carea' id='block_1_6' title="bbox 115 2139 1467 2766">
    <p class='ocr_par' dir='ltr' id='par_1_10' title="bbox 123 2139 1467 2253">
     <span class='ocr_line' id='line_1_28' title="bbox 179 2139 1467 2205; baseline 0.002 -17"><span class='ocrx_word' id='word_1_206' title='bbox 179 2166 271 2188; x_wconf 80' lang='lat' dir='ltr'>nunc</span> <span class='ocrx_word' id='word_1_207' title='bbox 302 2155 455 2204; x_wconf 80' lang='lat' dir='ltr'>quando.</span> <span class='ocrx_word' id='word_1_208' title='bbox 513 2157 573 2192; x_wconf 87' lang='lat' dir='ltr'>De</span> <span class='ocrx_word' id='word_1_209' title='bbox 594 2156 654 2193; x_wconf 70' lang='lat' dir='ltr'>his</span> <span class='ocrx_word' id='word_1_210' title='bbox 679 2156 770 2194; x_wconf 79' lang='lat' dir='ltr'>vide</span> <span class='ocrx_word' id='word_1_211' title='bbox 815 2157 1008 2194; x_wconf 82' lang='lat' dir='ltr'>Ciceronis</span> <span class='ocrx_word' id='word_1_212' title='bbox 1027 2157 1071 2192; x_wconf 90' lang='lat' dir='ltr'>de</span> <span class='ocrx_word' id='word_1_213' title='bbox 1084 2157 1243 2194; x_wconf 82' lang='lat' dir='ltr'>Oratore</span> <span class='ocrx_word' id='word_1_214' title='bbox 1264 2139 1371 2191; x_wconf 60' lang='lat' dir='ltr'>lissris</span> <span class='ocrx_word' id='word_1_215' title='bbox 1385 2169 1467 2205; x_wconf 80' lang='lat' dir='ltr'>par·</span> 
     </span>
     <span class='ocr_line' id='line_1_29' title="bbox 123 2206 1465 2253; baseline 0.002 -9"><span class='ocrx_word' id='word_1_216' title='bbox 123 2206 217 2244; x_wconf 74' lang='lat' dir='ltr'>Crit-</span> <span class='ocrx_word' id='word_1_217' title='bbox 240 2219 318 2246; x_wconf 85' lang='lat' dir='ltr'>not.</span> <span class='ocrx_word' id='word_1_218' title='bbox 815 2224 868 2248; x_wconf 88' lang='lat' dir='ltr'>tes</span> <span class='ocrx_word' id='word_1_219' title='bbox 903 2215 1003 2253; x_wconf 82' lang='lat' dir='ltr'>sunt,</span> <span class='ocrx_word' id='word_1_220' title='bbox 1046 2215 1179 2249; x_wconf 81' lang='lat' dir='ltr'>[octus.</span> <span class='ocrx_word' id='word_1_221' title='bbox 1251 2214 1328 2249; x_wconf 86' lang='lat' dir='ltr'>Cic.</span> <span class='ocrx_word' id='word_1_222' title='bbox 1373 2213 1399 2247; x_wconf 91' lang='lat' dir='ltr'>l.</span> <span class='ocrx_word' id='word_1_223' title='bbox 1434 2226 1465 2248; x_wconf 87' lang='lat' dir='ltr'>c.</span> 
     </span>
    </p>

    <p class='ocr_par' dir='ltr' id='par_1_11' title="bbox 178 2266 1463 2310">
     <span class='ocr_line' id='line_1_30' title="bbox 178 2266 1463 2310; baseline 0.002 -9"><span class='ocrx_word' id='word_1_224' title='bbox 178 2279 311 2302; x_wconf 77' lang='lat' dir='ltr'>verum.</span> <span class='ocrx_word' id='word_1_225' title='bbox 370 2266 450 2303; x_wconf 82' lang='lat' dir='ltr'>vid.</span> <span class='ocrx_word' id='word_1_226' title='bbox 477 2268 572 2304; x_wconf 84' lang='lat' dir='ltr'>crit.</span> <span class='ocrx_word' id='word_1_227' title='bbox 814 2271 1001 2310; x_wconf 78' lang='lat' dir='ltr'>„Auditus</span> <span class='ocrx_word' id='word_1_228' title='bbox 1016 2270 1063 2305; x_wconf 86' lang='lat' dir='ltr'>est</span> <span class='ocrx_word' id='word_1_229' title='bbox 1074 2270 1182 2305; x_wconf 88' lang='lat' dir='ltr'>nobis</span> <span class='ocrx_word' id='word_1_230' title='bbox 1203 2269 1350 2306; x_wconf 78' lang='lat' dir='ltr'>Laeliae</span> <span class='ocrx_word' id='word_1_231' title='bbox 1364 2271 1406 2306; x_wconf 86' lang='lat' dir='ltr'>C.</span> <span class='ocrx_word' id='word_1_232' title='bbox 1421 2271 1463 2304; x_wconf 83' lang='lat' dir='ltr'>F.</span> 
     </span>
    </p>

    <p class='ocr_par' dir='ltr' id='par_1_12' title="bbox 115 2321 1465 2650">
     <span class='ocr_line' id='line_1_31' title="bbox 179 2321 1464 2378; baseline 0.002 -21"><span class='ocrx_word' id='word_1_233' title='bbox 179 2321 380 2360; x_wconf 77' lang='lat' dir='ltr'>Corneliam</span> <span class='ocrx_word' id='word_1_234' title='bbox 392 2335 549 2361; x_wconf 81' lang='lat' dir='ltr'>matrem.</span> <span class='ocrx_word' id='word_1_235' title='bbox 581 2324 659 2362; x_wconf 79' lang='lat' dir='ltr'>Cic.</span> <span class='ocrx_word' id='word_1_236' title='bbox 673 2326 768 2361; x_wconf 81' lang='lat' dir='ltr'>Bru-</span> <span class='ocrx_word' id='word_1_237' title='bbox 814 2328 941 2376; x_wconf 75' lang='lat' dir='ltr'>„saepe</span> <span class='ocrx_word' id='word_1_238' title='bbox 966 2328 1094 2362; x_wconf 77' lang='lat' dir='ltr'>sermo.</span> <span class='ocrx_word' id='word_1_239' title='bbox 1126 2339 1215 2378; x_wconf 79' lang='lat' dir='ltr'>ergo</span> <span class='ocrx_word' id='word_1_240' title='bbox 1228 2326 1331 2361; x_wconf 81' lang='lat' dir='ltr'>illam</span> <span class='ocrx_word' id='word_1_241' title='bbox 1349 2326 1464 2375; x_wconf 71' lang='lat' dir='ltr'>patris</span> 
     </span>
     <span class='ocr_line' id='line_1_32' title="bbox 120 2381 1464 2434; baseline 0.004 -23"><span class='ocrx_word' id='word_1_242' title='bbox 120 2385 182 2411; x_wconf 76' lang='lat' dir='ltr'>tus</span> <span class='ocrx_word' id='word_1_243' title='bbox 203 2390 234 2413; x_wconf 87' lang='lat' dir='ltr'>c.</span> <span class='ocrx_word' id='word_1_244' title='bbox 259 2385 326 2424; x_wconf 81' lang='lat'>53.</span> <span class='ocrx_word' id='word_1_245' title='bbox 374 2381 579 2432; x_wconf 78' lang='lat' dir='ltr'>„Legimus</span> <span class='ocrx_word' id='word_1_246' title='bbox 600 2381 766 2431; x_wconf 80' lang='lat' dir='ltr'>epistolas</span> <span class='ocrx_word' id='word_1_247' title='bbox 811 2383 1018 2434; x_wconf 78' lang='lat' dir='ltr'>„elegantia</span> <span class='ocrx_word' id='word_1_248' title='bbox 1054 2384 1208 2418; x_wconf 76' lang='lat' dir='ltr'>tinctam</span> <span class='ocrx_word' id='word_1_249' title='bbox 1254 2382 1464 2418; x_wconf 83' lang='lat' dir='ltr'>vidimus.“</span> 
     </span>
     <span class='ocr_line' id='line_1_33' title="bbox 121 2433 1464 2488; baseline 0.002 -18"><span class='ocrx_word' id='word_1_250' title='bbox 121 2433 359 2475; x_wconf 77' lang='lat' dir='ltr'>‚‚Corneliae‚</span> <span class='ocrx_word' id='word_1_251' title='bbox 405 2438 532 2472; x_wconf 75' lang='lat' dir='ltr'>matris</span> <span class='ocrx_word' id='word_1_252' title='bbox 582 2438 767 2475; x_wconf 82' lang='lat' dir='ltr'>Graccho·</span> <span class='ocrx_word' id='word_1_253' title='bbox 811 2440 866 2475; x_wconf 86' lang='lat' dir='ltr'>Id.</span> <span class='ocrx_word' id='word_1_254' title='bbox 887 2440 931 2474; x_wconf 89' lang='lat' dir='ltr'>de</span> <span class='ocrx_word' id='word_1_255' title='bbox 954 2440 1060 2476; x_wconf 82' lang='lat' dir='ltr'>Orat.</span> <span class='ocrx_word' id='word_1_256' title='bbox 1085 2440 1109 2475; x_wconf 88' lang='lat' dir='ltr'>l.</span> <span class='ocrx_word' id='word_1_257' title='bbox 1125 2450 1161 2484; x_wconf 85' lang='lat'>5.</span> <span class='ocrx_word' id='word_1_258' title='bbox 1185 2453 1214 2474; x_wconf 90' lang='lat' dir='ltr'>c.</span> <span class='ocrx_word' id='word_1_259' title='bbox 1233 2453 1246 2473; x_wconf 80' lang='lat'><strong>1</strong></span> <span class='ocrx_word' id='word_1_260' title='bbox 1260 2450 1295 2474; x_wconf 87' lang='lat'>2.</span> <span class='ocrx_word' id='word_1_261' title='bbox 1325 2439 1464 2488; x_wconf 83' lang='lat' dir='ltr'>..Equi-</span> 
     </span>
     <span class='ocr_line' id='line_1_34' title="bbox 121 2494 1465 2545; baseline 0.006 -23"><span class='ocrx_word' id='word_1_262' title='bbox 121 2499 253 2527; x_wconf 72' lang='lat' dir='ltr'>„rume</span> <span class='ocrx_word' id='word_1_263' title='bbox 282 2502 451 2540; x_wconf 79' lang='lat' dir='ltr'>apparet.</span> <span class='ocrx_word' id='word_1_264' title='bbox 480 2494 577 2529; x_wconf 84' lang='lat' dir='ltr'>filios</span> <span class='ocrx_word' id='word_1_265' title='bbox 600 2507 673 2530; x_wconf 83' lang='lat' dir='ltr'>non</span> <span class='ocrx_word' id='word_1_266' title='bbox 691 2504 767 2530; x_wconf 83' lang='lat' dir='ltr'>tam</span> <span class='ocrx_word' id='word_1_267' title='bbox 813 2496 949 2537; x_wconf 85' lang='lat' dir='ltr'>„dem“</span> <span class='ocrx_word' id='word_1_268' title='bbox 965 2495 1133 2545; x_wconf 54' lang='lat' dir='ltr'>(Cfaffus</span> <span class='ocrx_word' id='word_1_269' title='bbox 1144 2495 1334 2544; x_wconf 88' lang='lat' dir='ltr'>loquitur)</span> <span class='ocrx_word' id='word_1_270' title='bbox 1351 2508 1465 2539; x_wconf 70' lang='lat' dir='ltr'>„cum</span> 
     </span>
     <span class='ocr_line' id='line_1_35' title="bbox 115 2545 1463 2605; baseline 0.006 -27"><span class='ocrx_word' id='word_1_271' title='bbox 115 2545 187 2605; x_wconf 43' lang='lat' dir='ltr'>&amp;in</span> <span class='ocrx_word' id='word_1_272' title='bbox 209 2547 356 2596; x_wconf 81' lang='lat' dir='ltr'>gremio</span> <span class='ocrx_word' id='word_1_273' title='bbox 377 2548 561 2590; x_wconf 80' lang='lat' dir='ltr'>educatos.</span> <span class='ocrx_word' id='word_1_274' title='bbox 590 2564 704 2600; x_wconf 75' lang='lat' dir='ltr'>quam</span> <span class='ocrx_word' id='word_1_275' title='bbox 726 2552 767 2586; x_wconf 84' lang='lat' dir='ltr'>in</span> <span class='ocrx_word' id='word_1_276' title='bbox 813 2552 950 2593; x_wconf 80' lang='lat' dir='ltr'>„audio</span> <span class='ocrx_word' id='word_1_277' title='bbox 983 2554 1125 2588; x_wconf 83' lang='lat' dir='ltr'>socrum</span> <span class='ocrx_word' id='word_1_278' title='bbox 1153 2565 1271 2588; x_wconf 80' lang='lat' dir='ltr'>meam</span> <span class='ocrx_word' id='word_1_279' title='bbox 1294 2552 1463 2589; x_wconf 65' lang='lat' dir='ltr'>Laelium</span> 
     </span>
     <span class='ocr_line' id='line_1_36' title="bbox 123 2601 1464 2650; baseline 0.007 -16"><span class='ocrx_word' id='word_1_280' title='bbox 123 2601 334 2643; x_wconf 69' lang='lat' dir='ltr'>„set-mone,</span> <span class='ocrx_word' id='word_1_281' title='bbox 362 2606 531 2641; x_wconf 55' lang='grc' dir='ltr'>τηεψ-ἰδέ·</span> <span class='ocrx_word' id='word_1_282' title='bbox 812 2629 893 2650; x_wconf 88' lang='lat'><strong>‚,--</strong></span> <span class='ocrx_word' id='word_1_283' title='bbox 918 2622 997 2643; x_wconf 78' lang='lat' dir='ltr'>eam</span> <span class='ocrx_word' id='word_1_284' title='bbox 1014 2611 1058 2644; x_wconf 78' lang='lat' dir='ltr'>sic</span> <span class='ocrx_word' id='word_1_285' title='bbox 1071 2610 1195 2648; x_wconf 78' lang='lat' dir='ltr'>audio.</span> <span class='ocrx_word' id='word_1_286' title='bbox 1227 2619 1268 2643; x_wconf 92' lang='lat' dir='ltr'>ut</span> <span class='ocrx_word' id='word_1_287' title='bbox 1291 2609 1464 2644; x_wconf 67' lang='lat' dir='ltr'>Plautum</span> 
     </span>
    </p>

    <p class='ocr_par' dir='ltr' id='par_1_13' title="bbox 123 2657 1465 2766">
     <span class='ocr_line' id='line_1_37' title="bbox 179 2657 1465 2712; baseline 0.008 -21"><span class='ocrx_word' id='word_1_288' title='bbox 179 2657 302 2694; x_wconf 75' lang='lat' dir='ltr'>Laelii</span> <span class='ocrx_word' id='word_1_289' title='bbox 317 2660 412 2707; x_wconf 78' lang='lat' dir='ltr'>filia.</span> <span class='ocrx_word' id='word_1_290' title='bbox 470 2663 511 2698; x_wconf 88' lang='lat' dir='ltr'>C.</span> <span class='ocrx_word' id='word_1_291' title='bbox 526 2663 646 2698; x_wconf 82' lang='lat' dir='ltr'>Laelii</span> <span class='ocrx_word' id='word_1_292' title='bbox 667 2663 768 2712; x_wconf 79' lang='lat' dir='ltr'>Sapi-</span> <span class='ocrx_word' id='word_1_293' title='bbox 814 2665 939 2706; x_wconf 82' lang='lat' dir='ltr'>„mihi</span> <span class='ocrx_word' id='word_1_294' title='bbox 958 2676 1021 2700; x_wconf 84' lang='lat' dir='ltr'>aut</span> <span class='ocrx_word' id='word_1_295' title='bbox 1043 2667 1235 2703; x_wconf 80' lang='lat' dir='ltr'>Naevium</span> <span class='ocrx_word' id='word_1_296' title='bbox 1254 2667 1383 2701; x_wconf 76' lang='lat' dir='ltr'>videar</span> <span class='ocrx_word' id='word_1_297' title='bbox 1403 2679 1465 2701; x_wconf 82' lang='lat' dir='ltr'>au·</span> 
     </span>
     <span class='ocr_line' id='line_1_38' title="bbox 123 2713 960 2766; baseline 0.013 -20"><span class='ocrx_word' id='word_1_298' title='bbox 123 2713 217 2747; x_wconf 81' lang='lat' dir='ltr'>entis</span> <span class='ocrx_word' id='word_1_299' title='bbox 242 2713 337 2755; x_wconf 79' lang='lat' dir='ltr'>filia,</span> <span class='ocrx_word' id='word_1_300' title='bbox 368 2730 465 2752; x_wconf 83' lang='lat' dir='ltr'>uxor</span> <span class='ocrx_word' id='word_1_301' title='bbox 478 2722 521 2766; x_wconf 81' lang='lat' dir='ltr'>Q.</span> <span class='ocrx_word' id='word_1_302' title='bbox 537 2720 657 2756; x_wconf 80' lang='lat' dir='ltr'>Mucii</span> <span class='ocrx_word' id='word_1_303' title='bbox 668 2722 770 2755; x_wconf 83' lang='lat' dir='ltr'>Scae·</span> <span class='ocrx_word' id='word_1_304' title='bbox 816 2722 960 2763; x_wconf 81' lang='lat' dir='ltr'>„di1·e.“</span> 
     </span>
    </p>
   </div>
   <div class='ocr_carea' id='block_1_7' title="bbox 121 2767 1461 2828">
    <p class='ocr_par' dir='ltr' id='par_1_14' title="bbox 121 2767 1461 2828">
     <span class='ocr_line' id='line_1_39' title="bbox 121 2767 1461 2828; baseline 0.001 -18"><span class='ocrx_word' id='word_1_305' title='bbox 121 2767 249 2810; x_wconf 61' lang='lat' dir='ltr'>volae,</span> <span class='ocrx_word' id='word_1_306' title='bbox 279 2781 315 2806; x_wconf 86' lang='lat' dir='ltr'>et</span> <span class='ocrx_word' id='word_1_307' title='bbox 345 2773 390 2810; x_wconf 82' lang='lat' dir='ltr'>L.</span> <span class='ocrx_word' id='word_1_308' title='bbox 423 2774 559 2815; x_wconf 76' lang='lat' dir='ltr'>Craffi,</span> <span class='ocrx_word' id='word_1_309' title='bbox 591 2778 696 2824; x_wconf 78' lang='lat' dir='ltr'>cujus</span> <span class='ocrx_word' id='word_1_310' title='bbox 730 2778 773 2814; x_wconf 82' lang='lat' dir='ltr'>in</span> <span class='ocrx_word' id='word_1_311' title='bbox 877 2778 1058 2828; x_wconf 35' lang='lat' dir='ltr'>Horten-fii</span> <span class='ocrx_word' id='word_1_312' title='bbox 1073 2779 1181 2827; x_wconf 79' lang='lat' dir='ltr'>filiae</span> <span class='ocrx_word' id='word_1_313' title='bbox 1199 2779 1339 2815; x_wconf 76' lang='lat' dir='ltr'>Oratio.</span> <span class='ocrx_word' id='word_1_314' title='bbox 1370 2779 1461 2813; x_wconf 54' lang='lat' dir='ltr'>Fam</span> 
     </span>
    </p>
   </div>
  </div>
 </body>
</html>
