<?xml version="1.0" encoding="UTF-8"?>
<!DOCTYPE html PUBLIC "-//W3C//DTD XHTML 1.0 Transitional//EN"
    "http://www.w3.org/TR/xhtml1/DTD/xhtml1-transitional.dtd">
<html xmlns="http://www.w3.org/1999/xhtml" xml:lang="en" lang="en">
 <head>
  <title>
</title>
<meta http-equiv="Content-Type" content="text/html;charset=utf-8" />
  <meta name='ocr-system' content='tesseract 3.04.00' />
  <meta name='ocr-capabilities' content='ocr_page ocr_carea ocr_par ocr_line ocrx_word'/>
</head>
<body>
  <div class='ocr_page' id='page_1' title='image "./deinstitutioneor01quinuoft_0520.png"; bbox 0 0 1656 2990; ppageno 0'>
   <div class='ocr_carea' id='block_1_1' title="bbox 259 212 354 267">
    <p class='ocr_par' dir='ltr' id='par_1_1' title="bbox 259 212 354 267">
     <span class='ocr_line' id='line_1_1' title="bbox 259 212 354 267; baseline 0.032 -14"><span class='ocrx_word' id='word_1_1' title='bbox 259 212 354 267; x_wconf 70' lang='lat'>426</span> 
     </span>
    </p>
   </div>
   <div class='ocr_carea' id='block_1_2' title="bbox 258 329 1652 397">
    <p class='ocr_par' dir='ltr' id='par_1_2' title="bbox 258 329 1652 397">
     <span class='ocr_line' id='line_1_2' title="bbox 258 329 1652 397; baseline -0.001 -16"><span class='ocrx_word' id='word_1_2' title='bbox 258 333 454 397; x_wconf 86' lang='lat' dir='ltr'>optime</span> <span class='ocrx_word' id='word_1_3' title='bbox 476 329 547 378; x_wconf 83' lang='lat' dir='ltr'>est</span> <span class='ocrx_word' id='word_1_4' title='bbox 569 329 822 377; x_wconf 83' lang='lat' dir='ltr'>creditus:</span> <span class='ocrx_word' id='word_1_5' title='bbox 872 329 1025 376; x_wconf 81' lang='lat' dir='ltr'>etiam</span> <span class='ocrx_word' id='word_1_6' title='bbox 1047 329 1363 392; x_wconf 80' lang='lat' dir='ltr'>Polycrates,</span> <span class='ocrx_word' id='word_1_7' title='bbox 1402 345 1430 376; x_wconf 80' lang='lat' dir='ltr'>a</span> <span class='ocrx_word' id='word_1_8' title='bbox 1452 345 1558 393; x_wconf 87' lang='lat' dir='ltr'>quo</span> <span class='ocrx_word' id='word_1_9' title='bbox 1572 348 1652 390; x_wconf 54' lang='grc' dir='ltr'>κιρ,</span> 
     </span>
    </p>
   </div>
   <div class='ocr_carea' id='block_1_3' title="bbox 567 206 1325 265">
    <p class='ocr_par' dir='ltr' id='par_1_3' title="bbox 567 206 1325 265">
     <span class='ocr_line' id='line_1_3' title="bbox 567 206 1325 265; baseline -0.004 -11"><span class='ocrx_word' id='word_1_10' title='bbox 567 209 640 255; x_wconf 87' lang='grc' dir='ltr'>Μ.</span> <span class='ocrx_word' id='word_1_11' title='bbox 673 207 806 253; x_wconf 79' lang='lat' dir='ltr'>FAB.</span> <span class='ocrx_word' id='word_1_12' title='bbox 843 206 1250 265; x_wconf 74' lang='lat' dir='ltr'><strong>QU1NT1L1AN1</strong></span> <span class='ocrx_word' id='word_1_13' title='bbox 1323 253 1325 257; x_wconf 20' lang='lat' dir='ltr'><strong><em>f</em></strong></span> 
     </span>
    </p>
   </div>
   <div class='ocr_carea' id='block_1_4' title="bbox 258 402 1565 544">
    <p class='ocr_par' dir='ltr' id='par_1_4' title="bbox 258 402 1565 544">
     <span class='ocr_line' id='line_1_4' title="bbox 258 402 1561 471; baseline -0.002 -16"><span class='ocrx_word' id='word_1_14' title='bbox 258 408 497 471; x_wconf 77' lang='lat' dir='ltr'>scriptam</span> <span class='ocrx_word' id='word_1_15' title='bbox 543 407 601 452; x_wconf 88' lang='lat' dir='ltr'>in</span> <span class='ocrx_word' id='word_1_16' title='bbox 650 407 909 452; x_wconf 84' lang='lat' dir='ltr'><strong>Socratem</strong></span> <span class='ocrx_word' id='word_1_17' title='bbox 965 402 1192 451; x_wconf 83' lang='lat' dir='ltr'><strong>diximus</strong></span> <span class='ocrx_word' id='word_1_18' title='bbox 1249 405 1561 454; x_wconf 83' lang='lat' dir='ltr'>orationem:</span> 
     </span>
     <span class='ocr_line' id='line_1_5' title="bbox 259 477 1565 544; baseline -0.001 -15"><span class='ocrx_word' id='word_1_19' title='bbox 259 493 310 529; x_wconf 84' lang='lat' dir='ltr'>et</span> <span class='ocrx_word' id='word_1_20' title='bbox 335 480 647 530; x_wconf 82' lang='lat' dir='ltr'>Theodorus</span> <span class='ocrx_word' id='word_1_21' title='bbox 669 479 974 544; x_wconf 82' lang='lat' dir='ltr'><strong>Byzantius,</strong></span> <span class='ocrx_word' id='word_1_22' title='bbox 1016 495 1077 526; x_wconf 85' lang='lat' dir='ltr'>ex</span> <span class='ocrx_word' id='word_1_23' title='bbox 1107 479 1171 526; x_wconf 86' lang='lat' dir='ltr'>iis</span> <span class='ocrx_word' id='word_1_24' title='bbox 1192 488 1243 525; x_wconf 79' lang='lat' dir='ltr'>et—</span> <span class='ocrx_word' id='word_1_25' title='bbox 1267 477 1397 542; x_wconf 78' lang='lat' dir='ltr'>ipse,</span> <span class='ocrx_word' id='word_1_26' title='bbox 1434 496 1565 543; x_wconf 88' lang='lat' dir='ltr'>quos</span> 
     </span>
    </p>
   </div>
   <div class='ocr_carea' id='block_1_5' title="bbox 206 551 1072 620">
    <p class='ocr_par' dir='ltr' id='par_1_5' title="bbox 206 551 1072 620">
     <span class='ocr_line' id='line_1_6' title="bbox 206 551 1072 620; baseline 0.001 -19"><span class='ocrx_word' id='word_1_27' title='bbox 206 558 403 605; x_wconf 74' lang='lat' dir='ltr'>12Plato</span> <span class='ocrx_word' id='word_1_28' title='bbox 455 556 678 620; x_wconf 85' lang='lat' dir='ltr'>appellat</span> <span class='ocrx_word' id='word_1_29' title='bbox 724 551 1072 620; x_wconf 72' lang='grc' dir='ltr'>λογοδεκιδοέλους.</span> 
     </span>
    </p>
   </div>
   <div class='ocr_carea' id='block_1_6' title="bbox 1165 554 1567 618">
    <p class='ocr_par' dir='ltr' id='par_1_6' title="bbox 1165 554 1567 618">
     <span class='ocr_line' id='line_1_7' title="bbox 1165 554 1567 618; baseline -0.002 -17"><span class='ocrx_word' id='word_1_30' title='bbox 1165 556 1372 609; x_wconf 85' lang='lat' dir='ltr'>Horum</span> <span class='ocrx_word' id='word_1_31' title='bbox 1408 554 1567 618; x_wconf 82' lang='lat' dir='ltr'>primi</span> 
     </span>
    </p>
   </div>
   <div class='ocr_carea' id='block_1_7' title="bbox 257 628 1571 1148">
    <p class='ocr_par' dir='ltr' id='par_1_7' title="bbox 257 628 1571 1148">
     <span class='ocr_line' id='line_1_8' title="bbox 258 628 1571 692; baseline -0.004 -12"><span class='ocrx_word' id='word_1_32' title='bbox 258 635 562 680; x_wconf 81' lang='lat' dir='ltr'>communes</span> <span class='ocrx_word' id='word_1_33' title='bbox 589 631 731 679; x_wconf 86' lang='lat' dir='ltr'>locos</span> <span class='ocrx_word' id='word_1_34' title='bbox 760 628 980 679; x_wconf 82' lang='lat' dir='ltr'><strong>tractasse</strong></span> <span class='ocrx_word' id='word_1_35' title='bbox 1016 630 1288 685; x_wconf 83' lang='lat' dir='ltr'>dicuntur,</span> <span class='ocrx_word' id='word_1_36' title='bbox 1325 630 1571 692; x_wconf 83' lang='lat' dir='ltr'>Protago--</span> 
     </span>
     <span class='ocr_line' id='line_1_9' title="bbox 259 701 1563 769; baseline -0.004 -14"><span class='ocrx_word' id='word_1_37' title='bbox 259 722 362 764; x_wconf 78' lang='lat' dir='ltr'>ras,</span> <span class='ocrx_word' id='word_1_38' title='bbox 420 706 660 769; x_wconf 80' lang='lat' dir='ltr'>Gorgias,</span> <span class='ocrx_word' id='word_1_39' title='bbox 713 706 986 763; x_wconf 85' lang='lat' dir='ltr'>Prodicus,</span> <span class='ocrx_word' id='word_1_40' title='bbox 1043 716 1094 753; x_wconf 86' lang='lat' dir='ltr'>et</span> <span class='ocrx_word' id='word_1_41' title='bbox 1142 701 1563 768; x_wconf 75' lang='lat' dir='ltr'>Thrasymachus.</span> 
     </span>
     <span class='ocr_line' id='line_1_10' title="bbox 259 777 1567 845; baseline -0.004 -15"><span class='ocrx_word' id='word_1_42' title='bbox 259 783 443 830; x_wconf 80' lang='lat' dir='ltr'>Cicero</span> <span class='ocrx_word' id='word_1_43' title='bbox 462 782 519 829; x_wconf 84' lang='lat' dir='ltr'>in</span> <span class='ocrx_word' id='word_1_44' title='bbox 541 784 702 829; x_wconf 84' lang='lat' dir='ltr'>Bruto</span> <span class='ocrx_word' id='word_1_45' title='bbox 727 792 878 845; x_wconf 83' lang='lat' dir='ltr'>negat</span> <span class='ocrx_word' id='word_1_46' title='bbox 901 791 1016 828; x_wconf 86' lang='lat' dir='ltr'>ante</span> <span class='ocrx_word' id='word_1_47' title='bbox 1044 780 1294 828; x_wconf 84' lang='lat' dir='ltr'>Periclem</span> <span class='ocrx_word' id='word_1_48' title='bbox 1319 777 1567 842; x_wconf 82' lang='lat' dir='ltr'>scriptum</span> 
     </span>
     <span class='ocr_line' id='line_1_11' title="bbox 258 853 1565 921; baseline -0.003 -17"><span class='ocrx_word' id='word_1_49' title='bbox 258 857 572 921; x_wconf 86' lang='lat' dir='ltr'><strong>quidquam,</strong></span> <span class='ocrx_word' id='word_1_50' title='bbox 611 855 756 919; x_wconf 85' lang='lat' dir='ltr'>quod.</span> <span class='ocrx_word' id='word_1_51' title='bbox 778 867 1017 905; x_wconf 78' lang='lat' dir='ltr'>ornatum</span> <span class='ocrx_word' id='word_1_52' title='bbox 1045 855 1330 904; x_wconf 82' lang='lat' dir='ltr'>oratorium</span> <span class='ocrx_word' id='word_1_53' title='bbox 1356 853 1565 901; x_wconf 85' lang='lat' dir='ltr'>habeat:</span> 
     </span>
     <span class='ocr_line' id='line_1_12' title="bbox 257 926 1571 995; baseline -0.005 -16"><span class='ocrx_word' id='word_1_54' title='bbox 257 937 370 992; x_wconf 83' lang='lat' dir='ltr'>ejus</span> <span class='ocrx_word' id='word_1_55' title='bbox 393 933 564 995; x_wconf 84' lang='lat' dir='ltr'>aliqua</span> <span class='ocrx_word' id='word_1_56' title='bbox 586 930 724 979; x_wconf 85' lang='lat' dir='ltr'>ferri.</span> <span class='ocrx_word' id='word_1_57' title='bbox 777 931 1035 995; x_wconf 84' lang='lat' dir='ltr'><strong>Equidem</strong></span> <span class='ocrx_word' id='word_1_58' title='bbox 1056 948 1165 979; x_wconf 84' lang='lat' dir='ltr'>non</span> <span class='ocrx_word' id='word_1_59' title='bbox 1188 929 1390 992; x_wconf 85' lang='lat' dir='ltr'>reperio</span> <span class='ocrx_word' id='word_1_60' title='bbox 1413 926 1571 992; x_wconf 87' lang='lat' dir='ltr'>quid.-</span> 
     </span>
     <span class='ocr_line' id='line_1_13' title="bbox 257 1002 1567 1071; baseline -0.003 -17"><span class='ocrx_word' id='word_1_61' title='bbox 257 1024 414 1071; x_wconf 84' lang='lat' dir='ltr'><strong>quam</strong></span> <span class='ocrx_word' id='word_1_62' title='bbox 440 1016 578 1054; x_wconf 76' lang='lat' dir='ltr'>tanta</span> <span class='ocrx_word' id='word_1_63' title='bbox 605 1007 931 1070; x_wconf 84' lang='lat' dir='ltr'>eloquentiae</span> <span class='ocrx_word' id='word_1_64' title='bbox 961 1005 1095 1053; x_wconf 83' lang='lat' dir='ltr'><strong>fama</strong></span> <span class='ocrx_word' id='word_1_65' title='bbox 1123 1005 1368 1068; x_wconf 86' lang='lat' dir='ltr'>dignum:</span> <span class='ocrx_word' id='word_1_66' title='bbox 1417 1002 1567 1051; x_wconf 86' lang='lat' dir='ltr'>icleo-</span> 
     </span>
     <span class='ocr_line' id='line_1_14' title="bbox 257 1068 1566 1148; baseline -0.004 -18"><span class='ocrx_word' id='word_1_67' title='bbox 257 1089 361 1148; x_wconf 80' lang='lat' dir='ltr'>que</span> <span class='ocrx_word' id='word_1_68' title='bbox 394 1083 570 1131; x_wconf 83' lang='lat' dir='ltr'>minus</span> <span class='ocrx_word' id='word_1_69' title='bbox 599 1082 768 1131; x_wconf 83' lang='lat' dir='ltr'>miror</span> <span class='ocrx_word' id='word_1_70' title='bbox 799 1079 920 1139; x_wconf 82' lang='lat' dir='ltr'>effe,</span> <span class='ocrx_word' id='word_1_71' title='bbox 965 1081 1059 1146; x_wconf 86' lang='lat' dir='ltr'>qui</span> <span class='ocrx_word' id='word_1_72' title='bbox 1092 1081 1230 1129; x_wconf 86' lang='lat' dir='ltr'><strong>nihil</strong></span> <span class='ocrx_word' id='word_1_73' title='bbox 1262 1079 1323 1127; x_wconf 87' lang='lat' dir='ltr'>ab</span> <span class='ocrx_word' id='word_1_74' title='bbox 1351 1095 1414 1127; x_wconf 89' lang='lat' dir='ltr'>eo</span> <span class='ocrx_word' id='word_1_75' title='bbox 1441 1068 1566 1126; x_wconf 48' lang='lat' dir='ltr'>scri?</span> 
     </span>
    </p>
   </div>
   <div class='ocr_carea' id='block_1_8' title="bbox 259 1245 1571 1355">
    <p class='ocr_par' dir='ltr' id='par_1_8' title="bbox 259 1245 1571 1355">
     <span class='ocr_line' id='line_1_15' title="bbox 311 1245 1571 1288; baseline -0.005 -2"><span class='ocrx_word' id='word_1_76' title='bbox 311 1263 393 1288; x_wconf 79' lang='lat' dir='ltr'>ante</span> <span class='ocrx_word' id='word_1_77' title='bbox 420 1252 596 1287; x_wconf 76' lang='lat' dir='ltr'>Periclem.</span> <span class='ocrx_word' id='word_1_78' title='bbox 651 1250 773 1288; x_wconf 75' lang='lat' dir='ltr'>Guelf.</span> <span class='ocrx_word' id='word_1_79' title='bbox 803 1261 838 1286; x_wconf 87' lang='lat' dir='ltr'>et</span> <span class='ocrx_word' id='word_1_80' title='bbox 864 1251 988 1287; x_wconf 77' lang='lat' dir='ltr'>Tui-ic.</span> <span class='ocrx_word' id='word_1_81' title='bbox 1046 1249 1224 1287; x_wconf 77' lang='lat' dir='ltr'>Periclea,</span> <span class='ocrx_word' id='word_1_82' title='bbox 1268 1246 1364 1282; x_wconf 85' lang='lat' dir='ltr'>miro</span> <span class='ocrx_word' id='word_1_83' title='bbox 1395 1245 1571 1281; x_wconf 72' lang='lat' dir='ltr'>censentur</span> 
     </span>
     <span class='ocr_line' id='line_1_16' title="bbox 259 1301 1454 1355; baseline -0.006 -13"><span class='ocrx_word' id='word_1_84' title='bbox 259 1308 438 1346; x_wconf 75' lang='lat' dir='ltr'>omnium,</span> <span class='ocrx_word' id='word_1_85' title='bbox 467 1311 485 1352; x_wconf 86' lang='lat'>(</span> <span class='ocrx_word' id='word_1_86' title='bbox 494 1316 636 1355; x_wconf 84' lang='lat' dir='ltr'>praeter</span> <span class='ocrx_word' id='word_1_87' title='bbox 657 1307 768 1342; x_wconf 86' lang='lat' dir='ltr'>Goth.</span> <span class='ocrx_word' id='word_1_88' title='bbox 787 1317 823 1341; x_wconf 86' lang='lat' dir='ltr'>et</span> <span class='ocrx_word' id='word_1_89' title='bbox 843 1307 941 1345; x_wconf 76' lang='lat' dir='ltr'>Voss&#39;.</span> <span class='ocrx_word' id='word_1_90' title='bbox 964 1316 986 1341; x_wconf 80' lang='lat'>2</span> <span class='ocrx_word' id='word_1_91' title='bbox 1000 1306 1038 1349; x_wconf 92' lang='lat'>,)</span> <span class='ocrx_word' id='word_1_92' title='bbox 1069 1303 1189 1340; x_wconf 79' lang='lat' dir='ltr'>Codd.</span> <span class='ocrx_word' id='word_1_93' title='bbox 1210 1313 1246 1338; x_wconf 86' lang='lat' dir='ltr'>et</span> <span class='ocrx_word' id='word_1_94' title='bbox 1267 1301 1322 1338; x_wconf 88' lang='lat' dir='ltr'>cd.</span> <span class='ocrx_word' id='word_1_95' title='bbox 1341 1301 1454 1337; x_wconf 78' lang='lat' dir='ltr'>Andr.</span> 
     </span>
    </p>
   </div>
   <div class='ocr_carea' id='block_1_9' title="bbox 258 1449 890 2375">
    <p class='ocr_par' dir='ltr' id='par_1_9' title="bbox 258 1449 887 1713">
     <span class='ocr_line' id='line_1_17' title="bbox 259 1449 885 1498; baseline -0.002 -14"><span class='ocrx_word' id='word_1_96' title='bbox 259 1449 455 1498; x_wconf 79' lang='lat' dir='ltr'>discipulus</span> <span class='ocrx_word' id='word_1_97' title='bbox 484 1449 723 1498; x_wconf 76' lang='lat' dir='ltr'>Antiphontis</span> <span class='ocrx_word' id='word_1_98' title='bbox 759 1449 885 1496; x_wconf 82' lang='lat' dir='ltr'>(quod</span> 
     </span>
     <span class='ocr_line' id='line_1_18' title="bbox 259 1503 886 1552; baseline -0.003 -13"><span class='ocrx_word' id='word_1_99' title='bbox 259 1505 445 1543; x_wconf 79' lang='lat' dir='ltr'>refutatis,</span> <span class='ocrx_word' id='word_1_100' title='bbox 500 1506 565 1552; x_wconf 88' lang='lat' dir='ltr'>qui</span> <span class='ocrx_word' id='word_1_101' title='bbox 613 1503 682 1539; x_wconf 80' lang='lat' dir='ltr'>alia</span> <span class='ocrx_word' id='word_1_102' title='bbox 727 1514 886 1542; x_wconf 76' lang='lat' dir='ltr'>narrant,</span> 
     </span>
     <span class='ocr_line' id='line_1_19' title="bbox 259 1558 883 1607; baseline -0.003 -13"><span class='ocrx_word' id='word_1_103' title='bbox 259 1559 412 1595; x_wconf 76' lang='lat' dir='ltr'>ostendit</span> <span class='ocrx_word' id='word_1_104' title='bbox 439 1559 611 1606; x_wconf 82' lang='lat' dir='ltr'>Spaanius</span> <span class='ocrx_word' id='word_1_105' title='bbox 635 1558 659 1593; x_wconf 91' lang='lat' dir='ltr'>l.</span> <span class='ocrx_word' id='word_1_106' title='bbox 683 1571 713 1592; x_wconf 86' lang='lat' dir='ltr'>c.</span> <span class='ocrx_word' id='word_1_107' title='bbox 745 1572 782 1607; x_wconf 88' lang='lat' dir='ltr'>p.</span> <span class='ocrx_word' id='word_1_108' title='bbox 805 1565 883 1603; x_wconf 78' lang='lat'>300</span> 
     </span>
     <span class='ocr_line' id='line_1_20' title="bbox 258 1613 887 1664; baseline -0.003 -15"><span class='ocrx_word' id='word_1_109' title='bbox 258 1617 372 1663; x_wconf 73' lang='lat' dir='ltr'>seqq.)</span> <span class='ocrx_word' id='word_1_110' title='bbox 401 1613 582 1661; x_wconf 64' lang='lat' dir='ltr'>praedato</span> <span class='ocrx_word' id='word_1_111' title='bbox 600 1613 808 1664; x_wconf 81' lang='lat' dir='ltr'>magistrum</span> <span class='ocrx_word' id='word_1_112' title='bbox 828 1626 887 1648; x_wconf 87' lang='lat' dir='ltr'>en-</span> 
     </span>
     <span class='ocr_line' id='line_1_21' title="bbox 259 1669 718 1713; baseline -0.009 -7"><span class='ocrx_word' id='word_1_113' title='bbox 259 1671 384 1706; x_wconf 85' lang='lat' dir='ltr'>comio</span> <span class='ocrx_word' id='word_1_114' title='bbox 405 1670 551 1705; x_wconf 76' lang='lat' dir='ltr'>ornavit</span> <span class='ocrx_word' id='word_1_115' title='bbox 577 1676 622 1713; x_wconf 81' lang='lat'>8,</span> <span class='ocrx_word' id='word_1_116' title='bbox 654 1669 718 1712; x_wconf 81' lang='lat'>63.</span> 
     </span>
    </p>

    <p class='ocr_par' dir='ltr' id='par_1_10' title="bbox 261 1722 883 1826">
     <span class='ocr_line' id='line_1_22' title="bbox 317 1722 883 1773; baseline -0.007 -13"><span class='ocrx_word' id='word_1_117' title='bbox 317 1725 524 1773; x_wconf 82' lang='lat' dir='ltr'>Polycrates</span> <span class='ocrx_word' id='word_1_118' title='bbox 545 1744 599 1751; x_wconf 93' lang='lat'>—</span> <span class='ocrx_word' id='word_1_119' title='bbox 617 1725 781 1758; x_wconf 71' lang='lat' dir='ltr'>diximus.</span> <span class='ocrx_word' id='word_1_120' title='bbox 838 1722 883 1757; x_wconf 78' lang='lat' dir='ltr'>cf.</span> 
     </span>
     <span class='ocr_line' id='line_1_23' title="bbox 261 1785 452 1826; baseline -0.016 -10"><span class='ocrx_word' id='word_1_121' title='bbox 261 1790 386 1823; x_wconf 58' lang='grc'><strong>2,]7,</strong></span> <span class='ocrx_word' id='word_1_122' title='bbox 414 1785 452 1826; x_wconf 73' lang='grc'>4.</span> 
     </span>
    </p>

    <p class='ocr_par' dir='ltr' id='par_1_11' title="bbox 258 1826 890 2375">
     <span class='ocr_line' id='line_1_24' title="bbox 316 1826 884 1883; baseline -0.007 -13"><span class='ocrx_word' id='word_1_123' title='bbox 316 1835 451 1871; x_wconf 79' lang='lat' dir='ltr'>Theod.</span> <span class='ocrx_word' id='word_1_124' title='bbox 466 1836 556 1883; x_wconf 85' lang='lat' dir='ltr'>Byz.</span> <span class='ocrx_word' id='word_1_125' title='bbox 568 1853 624 1861; x_wconf 93' lang='lat'><strong>—</strong></span> <span class='ocrx_word' id='word_1_126' title='bbox 635 1826 810 1878; x_wconf 64' lang='grc' dir='ltr'>λογοδαιδῖ</span> <span class='ocrx_word' id='word_1_127' title='bbox 838 1833 884 1867; x_wconf 83' lang='lat' dir='ltr'>cf.</span> 
     </span>
     <span class='ocr_line' id='line_1_25' title="bbox 261 1888 887 1933; baseline -0.006 -8"><span class='ocrx_word' id='word_1_128' title='bbox 261 1900 298 1929; x_wconf 86' lang='lat'>2,</span> <span class='ocrx_word' id='word_1_129' title='bbox 333 1898 392 1932; x_wconf 82' lang='lat'>15,</span> <span class='ocrx_word' id='word_1_130' title='bbox 423 1889 483 1924; x_wconf 86' lang='lat'>16.</span> <span class='ocrx_word' id='word_1_131' title='bbox 540 1892 661 1924; x_wconf 88' lang='lat' dir='ltr'>Locus</span> <span class='ocrx_word' id='word_1_132' title='bbox 683 1888 887 1933; x_wconf 70' lang='lat' dir='ltr'>Platonicus</span> 
     </span>
     <span class='ocr_line' id='line_1_26' title="bbox 260 1943 885 1992; baseline -0.005 -13"><span class='ocrx_word' id='word_1_133' title='bbox 260 1945 365 1980; x_wconf 86' lang='lat' dir='ltr'>estin</span> <span class='ocrx_word' id='word_1_134' title='bbox 389 1943 552 1979; x_wconf 79' lang='lat' dir='ltr'>Phaedro</span> <span class='ocrx_word' id='word_1_135' title='bbox 574 1958 609 1992; x_wconf 89' lang='lat' dir='ltr'>p.</span> <span class='ocrx_word' id='word_1_136' title='bbox 624 1943 715 1978; x_wconf 85' lang='lat'>266.</span> <span class='ocrx_word' id='word_1_137' title='bbox 737 1946 779 1978; x_wconf 90' lang='lat' dir='ltr'>E.</span> <span class='ocrx_word' id='word_1_138' title='bbox 802 1943 885 1989; x_wconf 85' lang='lat' dir='ltr'>Bip.</span> 
     </span>
     <span class='ocr_line' id='line_1_27' title="bbox 260 1996 889 2048; baseline -0.006 -15"><span class='ocrx_word' id='word_1_139' title='bbox 260 2013 295 2048; x_wconf 89' lang='lat' dir='ltr'>p.</span> <span class='ocrx_word' id='word_1_140' title='bbox 322 2000 412 2046; x_wconf 77' lang='lat'>564.</span> <span class='ocrx_word' id='word_1_141' title='bbox 446 2009 482 2034; x_wconf 89' lang='lat' dir='ltr'>et</span> <span class='ocrx_word' id='word_1_142' title='bbox 508 1999 658 2034; x_wconf 81' lang='lat' dir='ltr'>videtur</span> <span class='ocrx_word' id='word_1_143' title='bbox 678 1998 808 2033; x_wconf 75' lang='lat' dir='ltr'>habere</span> <span class='ocrx_word' id='word_1_144' title='bbox 827 1996 889 2030; x_wconf 82' lang='lat' dir='ltr'>ali-</span> 
     </span>
     <span class='ocr_line' id='line_1_28' title="bbox 260 2051 886 2102; baseline -0.006 -14"><span class='ocrx_word' id='word_1_145' title='bbox 260 2055 351 2102; x_wconf 85' lang='lat' dir='ltr'>quid</span> <span class='ocrx_word' id='word_1_146' title='bbox 378 2054 513 2102; x_wconf 70' lang='lat' dir='ltr'>poetici</span> <span class='ocrx_word' id='word_1_147' title='bbox 531 2053 675 2088; x_wconf 80' lang='lat' dir='ltr'>coloris.</span> <span class='ocrx_word' id='word_1_148' title='bbox 734 2051 886 2095; x_wconf 84' lang='lat' dir='ltr'>(Nolim</span> 
     </span>
     <span class='ocr_line' id='line_1_29' title="bbox 261 2105 888 2159; baseline -0.008 -14"><span class='ocrx_word' id='word_1_149' title='bbox 261 2120 382 2145; x_wconf 73' lang='lat' dir='ltr'>autem</span> <span class='ocrx_word' id='word_1_150' title='bbox 410 2109 566 2159; x_wconf 81' lang='lat' dir='ltr'>Lysiam</span> <span class='ocrx_word' id='word_1_151' title='bbox 601 2106 656 2142; x_wconf 88' lang='lat' dir='ltr'>ibi</span> <span class='ocrx_word' id='word_1_152' title='bbox 688 2120 755 2155; x_wconf 86' lang='lat' dir='ltr'>pro</span> <span class='ocrx_word' id='word_1_153' title='bbox 790 2105 888 2156; x_wconf 66' lang='lat' dir='ltr'>Tifia</span> 
     </span>
     <span class='ocr_line' id='line_1_30' title="bbox 260 2163 888 2214; baseline -0.01 -15"><span class='ocrx_word' id='word_1_154' title='bbox 260 2166 352 2214; x_wconf 85' lang='lat' dir='ltr'>poni</span> <span class='ocrx_word' id='word_1_155' title='bbox 400 2164 568 2199; x_wconf 73' lang='lat' dir='ltr'>suadente</span> <span class='ocrx_word' id='word_1_156' title='bbox 606 2163 682 2211; x_wconf 84' lang='lat' dir='ltr'>post</span> <span class='ocrx_word' id='word_1_157' title='bbox 719 2163 888 2197; x_wconf 86' lang='lat' dir='ltr'>Ficinum</span> 
     </span>
     <span class='ocr_line' id='line_1_31' title="bbox 260 2217 889 2265; baseline -0.011 -9"><span class='ocrx_word' id='word_1_158' title='bbox 260 2222 428 2256; x_wconf 75' lang='lat' dir='ltr'>Gesnero.</span> <span class='ocrx_word' id='word_1_159' title='bbox 514 2218 750 2265; x_wconf 79' lang='lat' dir='ltr'>Antiquiores</span> <span class='ocrx_word' id='word_1_160' title='bbox 792 2217 889 2251; x_wconf 86' lang='lat' dir='ltr'>enim</span> 
     </span>
     <span class='ocr_line' id='line_1_32' title="bbox 258 2272 890 2316; baseline -0.009 -6"><span class='ocrx_word' id='word_1_161' title='bbox 258 2275 317 2310; x_wconf 82' lang='lat' dir='ltr'>illi</span> <span class='ocrx_word' id='word_1_162' title='bbox 337 2286 481 2312; x_wconf 83' lang='lat' dir='ltr'>omnes,</span> <span class='ocrx_word' id='word_1_163' title='bbox 518 2272 638 2308; x_wconf 70' lang='lat' dir='ltr'>saltem</span> <span class='ocrx_word' id='word_1_164' title='bbox 665 2284 753 2306; x_wconf 87' lang='lat' dir='ltr'>natu</span> <span class='ocrx_word' id='word_1_165' title='bbox 778 2272 890 2316; x_wconf 82' lang='lat' dir='ltr'>majo-</span> 
     </span>
     <span class='ocr_line' id='line_1_33' title="bbox 261 2329 494 2375; baseline -0.009 -11"><span class='ocrx_word' id='word_1_166' title='bbox 261 2343 338 2368; x_wconf 76' lang='lat' dir='ltr'>res,</span> <span class='ocrx_word' id='word_1_167' title='bbox 377 2329 494 2375; x_wconf 69' lang='lat' dir='ltr'>Lysia.</span> 
     </span>
    </p>
   </div>
   <div class='ocr_carea' id='block_1_10' title="bbox 258 2438 890 2751">
    <p class='ocr_par' dir='ltr' id='par_1_12' title="bbox 258 2438 890 2751">
     <span class='ocr_line' id='line_1_34' title="bbox 261 2438 889 2483; baseline -0.01 -9"><span class='ocrx_word' id='word_1_168' title='bbox 261 2450 325 2474; x_wconf 86' lang='lat' dir='ltr'>tur</span> <span class='ocrx_word' id='word_1_169' title='bbox 343 2451 386 2473; x_wconf 91' lang='lat' dir='ltr'>eo</span> <span class='ocrx_word' id='word_1_170' title='bbox 408 2438 483 2474; x_wconf 86' lang='lat' dir='ltr'>Cic.</span> <span class='ocrx_word' id='word_1_171' title='bbox 505 2438 608 2473; x_wconf 75' lang='lat' dir='ltr'>Orat.</span> <span class='ocrx_word' id='word_1_172' title='bbox 637 2450 666 2471; x_wconf 90' lang='lat' dir='ltr'>c.</span> <span class='ocrx_word' id='word_1_173' title='bbox 691 2447 751 2470; x_wconf 83' lang='lat'>12.</span> <span class='ocrx_word' id='word_1_174' title='bbox 781 2448 889 2483; x_wconf 83' lang='lat' dir='ltr'>quem</span> 
     </span>
     <span class='ocr_line' id='line_1_35' title="bbox 260 2490 890 2545; baseline -0.01 -15"><span class='ocrx_word' id='word_1_175' title='bbox 260 2495 377 2545; x_wconf 82' lang='lat' dir='ltr'>igitur</span> <span class='ocrx_word' id='word_1_176' title='bbox 399 2491 607 2540; x_wconf 80' lang='lat' dir='ltr'>respiciebat</span> <span class='ocrx_word' id='word_1_177' title='bbox 632 2493 759 2527; x_wconf 81' lang='lat' dir='ltr'>noster.</span> <span class='ocrx_word' id='word_1_178' title='bbox 819 2490 890 2525; x_wconf 83' lang='lat' dir='ltr'>Mi-</span> 
     </span>
     <span class='ocr_line' id='line_1_36' title="bbox 260 2544 887 2594; baseline -0.01 -10"><span class='ocrx_word' id='word_1_179' title='bbox 260 2562 323 2584; x_wconf 80' lang='lat' dir='ltr'>ror</span> <span class='ocrx_word' id='word_1_180' title='bbox 343 2559 461 2583; x_wconf 80' lang='lat' dir='ltr'>tamen</span> <span class='ocrx_word' id='word_1_181' title='bbox 484 2557 682 2593; x_wconf 83' lang='lat' dir='ltr'>utrumque</span> <span class='ocrx_word' id='word_1_182' title='bbox 711 2544 887 2594; x_wconf 82' lang='lat' dir='ltr'>pluralem</span> 
     </span>
     <span class='ocr_line' id='line_1_37' title="bbox 259 2596 886 2647; baseline -0.01 -8"><span class='ocrx_word' id='word_1_183' title='bbox 259 2605 344 2639; x_wconf 77' lang='lat' dir='ltr'>dare</span> <span class='ocrx_word' id='word_1_184' title='bbox 367 2596 657 2646; x_wconf 51' lang='lat' dir='ltr'>myolmia&#39;xovs,</span> <span class='ocrx_word' id='word_1_185' title='bbox 687 2614 768 2636; x_wconf 87' lang='lat' dir='ltr'>cum</span> <span class='ocrx_word' id='word_1_186' title='bbox 792 2599 886 2647; x_wconf 79' lang='lat' dir='ltr'>apud</span> 
     </span>
     <span class='ocr_line' id='line_1_38' title="bbox 258 2654 887 2707; baseline -0.006 -16"><span class='ocrx_word' id='word_1_187' title='bbox 258 2659 445 2693; x_wconf 79' lang='lat' dir='ltr'>Platonem</span> <span class='ocrx_word' id='word_1_188' title='bbox 470 2660 512 2693; x_wconf 81' lang='lat' dir='ltr'>fit</span> <span class='ocrx_word' id='word_1_189' title='bbox 542 2656 728 2707; x_wconf 69' lang='lat' dir='ltr'>[iugulatis</span> <span class='ocrx_word' id='word_1_190' title='bbox 749 2656 793 2689; x_wconf 88' lang='lat' dir='ltr'>de</span> <span class='ocrx_word' id='word_1_191' title='bbox 813 2654 887 2688; x_wconf 76' lang='lat' dir='ltr'>[olo</span> 
     </span>
     <span class='ocr_line' id='line_1_39' title="bbox 258 2709 887 2751; baseline -0.01 -2"><span class='ocrx_word' id='word_1_192' title='bbox 258 2713 467 2749; x_wconf 68' lang='lat' dir='ltr'>Theodoro.</span> <span class='ocrx_word' id='word_1_193' title='bbox 551 2711 672 2751; x_wconf 80' lang='lat' dir='ltr'>Verba</span> <span class='ocrx_word' id='word_1_194' title='bbox 717 2709 887 2748; x_wconf 79' lang='lat' dir='ltr'>Platonis,</span> 
     </span>
    </p>
   </div>
   <div class='ocr_carea' id='block_1_11' title="bbox 262 2327 892 2430">
    <p class='ocr_par' dir='ltr' id='par_1_13' title="bbox 262 2327 892 2430">
     <span class='ocr_line' id='line_1_40' title="bbox 560 2327 891 2373; baseline -0.015 -10"><span class='ocrx_word' id='word_1_195' title='bbox 560 2328 694 2373; x_wconf 76' lang='lat' dir='ltr'>Rejieit</span> <span class='ocrx_word' id='word_1_196' title='bbox 723 2327 891 2360; x_wconf 61' lang='lat' dir='ltr'>mutatio*-</span> 
     </span>
     <span class='ocr_line' id='line_1_41' title="bbox 262 2381 892 2430; baseline -0.008 -11"><span class='ocrx_word' id='word_1_197' title='bbox 262 2398 346 2419; x_wconf 85' lang='lat' dir='ltr'>nem</span> <span class='ocrx_word' id='word_1_198' title='bbox 369 2383 572 2430; x_wconf 80' lang='lat' dir='ltr'>Stephanus</span> <span class='ocrx_word' id='word_1_199' title='bbox 593 2384 772 2429; x_wconf 86' lang='lat' dir='ltr'>quoque.)</span> <span class='ocrx_word' id='word_1_200' title='bbox 815 2381 892 2415; x_wconf 87' lang='lat' dir='ltr'>Uti-</span> 
     </span>
    </p>
   </div>
   <div class='ocr_carea' id='block_1_12' title="bbox 939 1443 1570 2688">
    <p class='ocr_par' dir='ltr' id='par_1_14' title="bbox 939 1443 1570 1869">
     <span class='ocr_line' id='line_1_42' title="bbox 941 1443 1566 1496; baseline -0.008 -13"><span class='ocrx_word' id='word_1_201' title='bbox 941 1457 1110 1496; x_wconf 82' lang='lat' dir='ltr'>corrupta</span> <span class='ocrx_word' id='word_1_202' title='bbox 1136 1447 1232 1495; x_wconf 79' lang='lat' dir='ltr'>ipsa,</span> <span class='ocrx_word' id='word_1_203' title='bbox 1269 1458 1312 1480; x_wconf 87' lang='lat' dir='ltr'>eo</span> <span class='ocrx_word' id='word_1_204' title='bbox 1332 1444 1428 1484; x_wconf 79' lang='lat' dir='ltr'>folo,</span> <span class='ocrx_word' id='word_1_205' title='bbox 1465 1443 1566 1492; x_wconf 75' lang='lat' dir='ltr'>quod</span> 
     </span>
     <span class='ocr_line' id='line_1_43' title="bbox 939 1500 1568 1551; baseline -0.008 -12"><span class='ocrx_word' id='word_1_206' title='bbox 939 1504 1016 1551; x_wconf 77' lang='lat' dir='ltr'>post</span> <span class='ocrx_word' id='word_1_207' title='bbox 1058 1502 1279 1550; x_wconf 81' lang='lat' dir='ltr'>Stephanum</span> <span class='ocrx_word' id='word_1_208' title='bbox 1318 1500 1481 1534; x_wconf 81' lang='lat' dir='ltr'>inserunt</span> <span class='ocrx_word' id='word_1_209' title='bbox 1520 1512 1568 1534; x_wconf 77' lang='lat' dir='ltr'>ex</span> 
     </span>
     <span class='ocr_line' id='line_1_44' title="bbox 941 1554 1566 1603; baseline -0.008 -10"><span class='ocrx_word' id='word_1_210' title='bbox 941 1558 1058 1594; x_wconf 84' lang='lat' dir='ltr'>Codd.</span> <span class='ocrx_word' id='word_1_211' title='bbox 1098 1557 1236 1601; x_wconf 77' lang='grc' dir='ltr'>λέγειν,</span> <span class='ocrx_word' id='word_1_212' title='bbox 1283 1554 1462 1603; x_wconf 80' lang='lat' dir='ltr'>persanari</span> <span class='ocrx_word' id='word_1_213' title='bbox 1497 1554 1566 1589; x_wconf 81' lang='lat' dir='ltr'>vix</span> 
     </span>
     <span class='ocr_line' id='line_1_45' title="bbox 940 1608 1568 1660; baseline -0.01 -12"><span class='ocrx_word' id='word_1_214' title='bbox 940 1613 1062 1648; x_wconf 87' lang='lat' dir='ltr'>credo.</span> <span class='ocrx_word' id='word_1_215' title='bbox 1146 1611 1304 1648; x_wconf 77' lang='lat' dir='ltr'>Fortaffe</span> <span class='ocrx_word' id='word_1_216' title='bbox 1332 1610 1479 1660; x_wconf 71' lang='lat' dir='ltr'>gravius</span> <span class='ocrx_word' id='word_1_217' title='bbox 1512 1608 1568 1643; x_wconf 88' lang='lat' dir='ltr'>ibi</span> 
     </span>
     <span class='ocr_line' id='line_1_46' title="bbox 939 1663 1570 1712; baseline -0.008 -10"><span class='ocrx_word' id='word_1_218' title='bbox 939 1668 1027 1702; x_wconf 85' lang='lat' dir='ltr'>latet</span> <span class='ocrx_word' id='word_1_219' title='bbox 1049 1667 1207 1706; x_wconf 82' lang='lat' dir='ltr'>vulnus,</span> <span class='ocrx_word' id='word_1_220' title='bbox 1247 1675 1290 1700; x_wconf 87' lang='lat' dir='ltr'>ut</span> <span class='ocrx_word' id='word_1_221' title='bbox 1308 1663 1459 1712; x_wconf 77' lang='lat' dir='ltr'>pluralis</span> <span class='ocrx_word' id='word_1_222' title='bbox 1477 1674 1570 1710; x_wconf 88' lang='lat' dir='ltr'>quo-</span> 
     </span>
     <span class='ocr_line' id='line_1_47' title="bbox 941 1715 1567 1770; baseline -0.01 -12"><span class='ocrx_word' id='word_1_223' title='bbox 941 1736 1012 1770; x_wconf 87' lang='lat' dir='ltr'>que</span> <span class='ocrx_word' id='word_1_224' title='bbox 1029 1723 1140 1758; x_wconf 79' lang='lat' dir='ltr'>fuerit</span> <span class='ocrx_word' id='word_1_225' title='bbox 1161 1723 1199 1755; x_wconf 87' lang='lat' dir='ltr'>iu</span> <span class='ocrx_word' id='word_1_226' title='bbox 1219 1715 1493 1764; x_wconf 70' lang='grc' dir='ltr'>λογσδαιδᾶἔλσις,</span> <span class='ocrx_word' id='word_1_227' title='bbox 1529 1726 1567 1752; x_wconf 82' lang='lat' dir='ltr'>et</span> 
     </span>
     <span class='ocr_line' id='line_1_48' title="bbox 940 1771 1568 1826; baseline -0.01 -14"><span class='ocrx_word' id='word_1_228' title='bbox 940 1777 1023 1826; x_wconf 85' lang='lat' dir='ltr'>plus</span> <span class='ocrx_word' id='word_1_229' title='bbox 1062 1789 1137 1812; x_wconf 90' lang='lat' dir='ltr'>uno</span> <span class='ocrx_word' id='word_1_230' title='bbox 1170 1773 1348 1811; x_wconf 76' lang='lat' dir='ltr'>vocabulo</span> <span class='ocrx_word' id='word_1_231' title='bbox 1379 1771 1568 1808; x_wconf 80' lang='lat' dir='ltr'>intercide-</span> 
     </span>
     <span class='ocr_line' id='line_1_49' title="bbox 940 1834 1002 1869; baseline -0.032 0"><span class='ocrx_word' id='word_1_232' title='bbox 940 1834 1002 1869; x_wconf 78' lang='lat' dir='ltr'>rit.</span> 
     </span>
    </p>

    <p class='ocr_par' dir='ltr' id='par_1_15' title="bbox 998 1886 1349 1929">
     <span class='ocr_line' id='line_1_50' title="bbox 998 1886 1349 1929; baseline -0.009 -5"><span class='ocrx_word' id='word_1_233' title='bbox 998 1889 1067 1924; x_wconf 78' lang='lat' dir='ltr'>Cic.</span> <span class='ocrx_word' id='word_1_234' title='bbox 1091 1890 1125 1923; x_wconf 88' lang='grc' dir='ltr'>ἰη</span> <span class='ocrx_word' id='word_1_235' title='bbox 1145 1887 1204 1922; x_wconf 86' lang='lat' dir='ltr'>Rr.</span> <span class='ocrx_word' id='word_1_236' title='bbox 1245 1886 1287 1921; x_wconf 86' lang='lat' dir='ltr'>C.</span> <span class='ocrx_word' id='word_1_237' title='bbox 1311 1895 1349 1929; x_wconf 85' lang='lat'>7.</span> 
     </span>
    </p>

    <p class='ocr_par' dir='ltr' id='par_1_16' title="bbox 942 1941 1568 2688">
     <span class='ocr_line' id='line_1_51' title="bbox 995 1941 1566 1989; baseline -0.011 -11"><span class='ocrx_word' id='word_1_238' title='bbox 995 1956 1065 1978; x_wconf 81' lang='lat' dir='ltr'>non</span> <span class='ocrx_word' id='word_1_239' title='bbox 1082 1944 1216 1989; x_wconf 82' lang='lat' dir='ltr'>reperio</span> <span class='ocrx_word' id='word_1_240' title='bbox 1236 1960 1288 1967; x_wconf 93' lang='lat'>—</span> <span class='ocrx_word' id='word_1_241' title='bbox 1306 1941 1462 1988; x_wconf 79' lang='lat' dir='ltr'>dignum.</span> <span class='ocrx_word' id='word_1_242' title='bbox 1503 1947 1566 1977; x_wconf 65' lang='grc' dir='ltr'>ιε,</span> 
     </span>
     <span class='ocr_line' id='line_1_52' title="bbox 945 1993 1568 2041; baseline -0.01 -9"><span class='ocrx_word' id='word_1_243' title='bbox 945 2007 981 2036; x_wconf 84' lang='lat'>2,</span> <span class='ocrx_word' id='word_1_244' title='bbox 1013 2007 1076 2036; x_wconf 82' lang='lat'>22.</span> <span class='ocrx_word' id='word_1_245' title='bbox 1113 1998 1154 2030; x_wconf 89' lang='lat' dir='ltr'>it.</span> <span class='ocrx_word' id='word_1_246' title='bbox 1179 2005 1251 2034; x_wconf 86' lang='lat'>12,</span> <span class='ocrx_word' id='word_1_247' title='bbox 1284 2007 1353 2034; x_wconf 85' lang='grc' dir='ltr'>ιο,</span> <span class='ocrx_word' id='word_1_248' title='bbox 1382 2000 1435 2041; x_wconf 80' lang='lat'>49</span> <span class='ocrx_word' id='word_1_249' title='bbox 1466 1993 1568 2028; x_wconf 84' lang='lat' dir='ltr'>forti-</span> 
     </span>
     <span class='ocr_line' id='line_1_53' title="bbox 943 2049 1567 2102; baseline -0.006 -16"><span class='ocrx_word' id='word_1_250' title='bbox 943 2063 999 2086; x_wconf 81' lang='lat' dir='ltr'>ter</span> <span class='ocrx_word' id='word_1_251' title='bbox 1019 2062 1125 2102; x_wconf 79' lang='lat' dir='ltr'>negat</span> <span class='ocrx_word' id='word_1_252' title='bbox 1142 2049 1349 2098; x_wconf 62' lang='lat' dir='ltr'>quidquam&lt;</span> <span class='ocrx_word' id='word_1_253' title='bbox 1365 2058 1486 2084; x_wconf 81' lang='lat' dir='ltr'>extare</span> <span class='ocrx_word' id='word_1_254' title='bbox 1505 2050 1567 2083; x_wconf 83' lang='lat' dir='ltr'>Pe-</span> 
     </span>
     <span class='ocr_line' id='line_1_54' title="bbox 942 2102 1566 2142; baseline -0.005 -1"><span class='ocrx_word' id='word_1_255' title='bbox 942 2107 1051 2142; x_wconf 76' lang='lat' dir='ltr'>riclis.</span> <span class='ocrx_word' id='word_1_256' title='bbox 1106 2105 1306 2141; x_wconf 76' lang='lat' dir='ltr'>Eiaccedit</span> <span class='ocrx_word' id='word_1_257' title='bbox 1325 2102 1566 2139; x_wconf 69' lang='lat' dir='ltr'>Ruhnkenius</span> 
     </span>
     <span class='ocr_line' id='line_1_55' title="bbox 942 2159 1567 2206; baseline -0.008 -10"><span class='ocrx_word' id='word_1_258' title='bbox 942 2163 981 2196; x_wconf 91' lang='lat' dir='ltr'>in</span> <span class='ocrx_word' id='word_1_259' title='bbox 1002 2160 1090 2196; x_wconf 77' lang='lat' dir='ltr'>nist.</span> <span class='ocrx_word' id='word_1_260' title='bbox 1116 2161 1207 2196; x_wconf 87' lang='lat' dir='ltr'>Crit.</span> <span class='ocrx_word' id='word_1_261' title='bbox 1237 2160 1322 2195; x_wconf 86' lang='grc' dir='ltr'>Οιϊ.</span> <span class='ocrx_word' id='word_1_262' title='bbox 1345 2159 1427 2194; x_wconf 78' lang='lat' dir='ltr'>Grr.</span> <span class='ocrx_word' id='word_1_263' title='bbox 1454 2170 1491 2206; x_wconf 85' lang='lat' dir='ltr'>p.</span> <span class='ocrx_word' id='word_1_264' title='bbox 1516 2163 1567 2201; x_wconf 84' lang='lat'>53</span> 
     </span>
     <span class='ocr_line' id='line_1_56' title="bbox 942 2213 1566 2263; baseline -0.008 -12"><span class='ocrx_word' id='word_1_265' title='bbox 942 2219 1035 2263; x_wconf 84' lang='lat' dir='ltr'>seqq.</span> <span class='ocrx_word' id='word_1_266' title='bbox 1063 2214 1305 2263; x_wconf 81' lang='lat' dir='ltr'>locupletibus</span> <span class='ocrx_word' id='word_1_267' title='bbox 1329 2213 1501 2249; x_wconf 76' lang='lat' dir='ltr'>subnixus</span> <span class='ocrx_word' id='word_1_268' title='bbox 1515 2221 1566 2246; x_wconf 87' lang='lat' dir='ltr'>te-</span> 
     </span>
     <span class='ocr_line' id='line_1_57' title="bbox 944 2268 1564 2314; baseline -0.008 -9"><span class='ocrx_word' id='word_1_269' title='bbox 944 2271 1072 2308; x_wconf 82' lang='lat' dir='ltr'>stibus,</span> <span class='ocrx_word' id='word_1_270' title='bbox 1115 2270 1170 2305; x_wconf 81' lang='lat' dir='ltr'>sed</span> <span class='ocrx_word' id='word_1_271' title='bbox 1194 2269 1367 2305; x_wconf 85' lang='lat' dir='ltr'>Cicerone</span> <span class='ocrx_word' id='word_1_272' title='bbox 1391 2268 1564 2314; x_wconf 77' lang='lat' dir='ltr'>majorem</span> 
     </span>
     <span class='ocr_line' id='line_1_58' title="bbox 944 2321 1567 2370; baseline -0.01 -10"><span class='ocrx_word' id='word_1_273' title='bbox 944 2327 1052 2360; x_wconf 79' lang='lat' dir='ltr'>fidem</span> <span class='ocrx_word' id='word_1_274' title='bbox 1082 2324 1234 2359; x_wconf 78' lang='lat' dir='ltr'>habente</span> <span class='ocrx_word' id='word_1_275' title='bbox 1259 2325 1323 2363; x_wconf 76' lang='lat' dir='ltr'>iis,</span> <span class='ocrx_word' id='word_1_276' title='bbox 1359 2334 1449 2370; x_wconf 84' lang='lat' dir='ltr'>quae</span> <span class='ocrx_word' id='word_1_277' title='bbox 1470 2321 1567 2355; x_wconf 79' lang='lat' dir='ltr'>Peri-</span> 
     </span>
     <span class='ocr_line' id='line_1_59' title="bbox 946 2375 1565 2418; baseline -0.008 -4"><span class='ocrx_word' id='word_1_278' title='bbox 946 2380 1008 2414; x_wconf 88' lang='lat' dir='ltr'>clis</span> <span class='ocrx_word' id='word_1_279' title='bbox 1030 2381 1326 2414; x_wconf 82' lang='lat' dir='ltr'>ferrenturBrut.</span> <span class='ocrx_word' id='word_1_280' title='bbox 1356 2390 1386 2411; x_wconf 85' lang='lat' dir='ltr'>c.</span> <span class='ocrx_word' id='word_1_281' title='bbox 1408 2387 1443 2418; x_wconf 87' lang='lat'>7.</span> <span class='ocrx_word' id='word_1_282' title='bbox 1463 2386 1499 2410; x_wconf 79' lang='lat' dir='ltr'>et</span> <span class='ocrx_word' id='word_1_283' title='bbox 1521 2375 1565 2409; x_wconf 85' lang='lat' dir='ltr'>de</span> 
     </span>
     <span class='ocr_line' id='line_1_60' title="bbox 946 2431 1566 2472; baseline -0.008 -3"><span class='ocrx_word' id='word_1_284' title='bbox 946 2436 1011 2470; x_wconf 91' lang='lat' dir='ltr'>Or.</span> <span class='ocrx_word' id='word_1_285' title='bbox 1037 2445 1070 2472; x_wconf 86' lang='lat'>2,</span> <span class='ocrx_word' id='word_1_286' title='bbox 1106 2444 1168 2468; x_wconf 84' lang='lat'>22.</span> <span class='ocrx_word' id='word_1_287' title='bbox 1225 2435 1283 2467; x_wconf 85' lang='lat' dir='ltr'>An</span> <span class='ocrx_word' id='word_1_288' title='bbox 1303 2433 1399 2466; x_wconf 82' lang='lat' dir='ltr'>iuter</span> <span class='ocrx_word' id='word_1_289' title='bbox 1423 2431 1566 2466; x_wconf 77' lang='lat' dir='ltr'>Cicero·</span> 
     </span>
     <span class='ocr_line' id='line_1_61' title="bbox 944 2485 1566 2535; baseline -0.008 -12"><span class='ocrx_word' id='word_1_290' title='bbox 944 2491 1000 2523; x_wconf 85' lang='lat' dir='ltr'>nis</span> <span class='ocrx_word' id='word_1_291' title='bbox 1031 2499 1066 2523; x_wconf 89' lang='lat' dir='ltr'>et</span> <span class='ocrx_word' id='word_1_292' title='bbox 1088 2486 1304 2535; x_wconf 77' lang='lat' dir='ltr'>Quintiliani</span> <span class='ocrx_word' id='word_1_293' title='bbox 1326 2495 1476 2521; x_wconf 76' lang='lat' dir='ltr'>aetatem</span> <span class='ocrx_word' id='word_1_294' title='bbox 1507 2485 1566 2519; x_wconf 86' lang='lat' dir='ltr'>de-</span> 
     </span>
     <span class='ocr_line' id='line_1_62' title="bbox 943 2539 1565 2592; baseline -0.006 -15"><span class='ocrx_word' id='word_1_295' title='bbox 943 2544 1085 2592; x_wconf 78' lang='lat' dir='ltr'>perdita</span> <span class='ocrx_word' id='word_1_296' title='bbox 1121 2542 1265 2577; x_wconf 80' lang='lat' dir='ltr'>Periclis</span> <span class='ocrx_word' id='word_1_297' title='bbox 1306 2555 1392 2576; x_wconf 80' lang='lat' dir='ltr'>vera</span> <span class='ocrx_word' id='word_1_298' title='bbox 1430 2539 1565 2588; x_wconf 74' lang='lat' dir='ltr'>opera?</span> 
     </span>
     <span class='ocr_line' id='line_1_63' title="bbox 943 2594 1566 2645; baseline -0.006 -12"><span class='ocrx_word' id='word_1_299' title='bbox 943 2601 1029 2635; x_wconf 87' lang='lat' dir='ltr'>Non</span> <span class='ocrx_word' id='word_1_300' title='bbox 1057 2608 1158 2645; x_wconf 87' lang='lat' dir='ltr'>puto.</span> <span class='ocrx_word' id='word_1_301' title='bbox 1245 2596 1398 2631; x_wconf 75' lang='lat' dir='ltr'>Consule</span> <span class='ocrx_word' id='word_1_302' title='bbox 1428 2595 1472 2630; x_wconf 86' lang='lat' dir='ltr'>de</span> <span class='ocrx_word' id='word_1_303' title='bbox 1503 2594 1566 2629; x_wconf 79' lang='lat' dir='ltr'>hac</span> 
     </span>
     <span class='ocr_line' id='line_1_64' title="bbox 943 2649 1564 2688; baseline -0.005 -1"><span class='ocrx_word' id='word_1_304' title='bbox 943 2654 1173 2688; x_wconf 73' lang='lat' dir='ltr'>dubitatione</span> <span class='ocrx_word' id='word_1_305' title='bbox 1203 2653 1308 2687; x_wconf 69' lang='lat' dir='ltr'>fabr.</span> <span class='ocrx_word' id='word_1_306' title='bbox 1335 2649 1431 2686; x_wconf 81' lang='lat' dir='ltr'>Bibl.</span> <span class='ocrx_word' id='word_1_307' title='bbox 1462 2649 1564 2685; x_wconf 77' lang='lat' dir='ltr'>Harl.</span> 
     </span>
    </p>
   </div>
   <div class='ocr_carea' id='block_1_13' title="bbox 942 2707 1337 2756">
    <p class='ocr_par' dir='ltr' id='par_1_17' title="bbox 942 2707 1337 2756">
     <span class='ocr_line' id='line_1_65' title="bbox 942 2707 1337 2756; baseline -0.005 -13"><span class='ocrx_word' id='word_1_308' title='bbox 942 2708 1025 2747; x_wconf 84' lang='lat' dir='ltr'>Vol.</span> <span class='ocrx_word' id='word_1_309' title='bbox 1048 2718 1083 2743; x_wconf 81' lang='lat'>2.</span> <span class='ocrx_word' id='word_1_310' title='bbox 1114 2721 1149 2756; x_wconf 87' lang='lat' dir='ltr'>p.</span> <span class='ocrx_word' id='word_1_311' title='bbox 1171 2707 1247 2754; x_wconf 81' lang='lat'>746</span> <span class='ocrx_word' id='word_1_312' title='bbox 1268 2708 1337 2753; x_wconf 83' lang='lat' dir='ltr'>seq.</span> 
     </span>
    </p>
   </div>
  </div>
 </body>
</html>
