1656 2990
514 212 982 271 PRAEFATIO.-
1234 234 1421 277 xxxxv

74 347 170 406 post
191 361 353 407 cunque
367 351 646 401 conjunctivo
668 349 850 402 Bentlej.
873 349 924 390 ad
946 348 1099 390 Horat.
1121 347 1226 391 Satt.
1256 363 1274 390 ι
1292 379 1304 396 ,
1349 366 1365 390 1
1379 364 1423 398 0,

76 411 171 472 83,
187 420 263 473 qui
281 433 334 460 ex
351 419 491 472 poie'tis
509 427 652 459 tuetur
674 419 972 460 indicativum.

183 489 226 552 5,
266 507 311 552 5,
346 509 390 554 5.
441 514 534 542 cum
557 497 725 557 quibus.
795 499 862 540 Ad
887 509 982 541 not.
1011 511 1103 541 ex.:
1146 497 1199 540 cf.
1229 499 1358 541 nostr.
1384 511 1426 546 Ω,

77 579 157 615 21,
191 576 236 620 8.
320 554 325 568 '

186 645 238 689 5,
288 644 339 688 5,
391 643 464 688 ¹8·
510 634 802 688 intelligimus.
889 635 1035 676 Turic.
1073 647 1245 689 quoque
1272 648 1325 675 ex
1353 636 1427 676 alr.

82 704 179 745 coll.
207 705 522 759 hecellegamus.
585 705 651 744 Ad
670 703 792 743 usum
812 705 1080 756 conjunctivi
1100 705 1146 743 in
1170 704 1243 744 tali
1261 703 1427 745 senten-

79 773 141 813 tia
163 771 215 814 cf.
238 783 281 825 3,
317 779 364 825 4,
409 787 481 814 10.
518 785 675 825 „qnam
698 771 790 813 sane
807 774 1157 826 permit-camus.“

190 863 233 906 3,
267 855 311 900 6,
346 863 388 906 5.
424 854 662 894 Naucrate.
710 856 761 893 In
785 863 888 894 nota
906 867 971 894 ex.
994 853 1086 908 post
1109 847 1279 909 ἑταῖρος
1298 852 1426 893 adde:

80 916 371 982 Ναυκράτης.
439 921 620 973 Dionys.
643 922 778 962 Halic.
804 922 850 960 in
877 921 980 962 Arte
1006 935 1051 975 p.
1078 931 1156 973 59.
1193 921 1290 961 Vol.
1314 931 1358 961 2.

182 1011 236 1054 3,
270 1002 314 1048 6,
346 1013 392 1054 9.
429 1000 716 1043 obtinendum.
788 1001 856 1043 Ad
873 1011 966 1043 not.
991 1001 1126 1044 crin:
1169 1003 1315 1043 Turic.
1340 1000 1428 1057 ipse

75 1070 147 1120 (ex
165 1069 235 1110 alt
255 1070 373 1121 coll.)
401 1069 693 1123 optinendum.

186 1158 229 1202 5,
259 1151 302 1198 6,
333 1165 406 1191 11.
440 1151 582 1203 prima
600 1159 742 1204 parce.
813 1150 878 1192 Ad
896 1159 989 1192 not.
1013 1146 1149 1193 Crit.:'
1182 1151 1236 1193 cf.
1267 1166 1313 1198 1,
1352 1165 1426 1199 10,

78 1223 160 1271 49.
197 1219 279 1266 „ad
298 1217 569 1260 efficiendum
590 1219 704 1274 quod
722 1219 1031 1259 incendimus.“

187 1309 231 1354 3,
255 1299 298 1347 6,
318 1307 399 1353 49.
430 1314 513 1355 qno
534 1301 640 1340 dicit
660 1301 884 1356 quaedam.
933 1301 1077 1341 Turic.
1102 1309 1146 1341 et
1163 1300 1275 1342 Alm.
1312 1298 1430 1356 quod

81 1366 129 1409 d.
150 1382 193 1424 q.
262 1359 469 1413 Seffedd.
490 1382 611 1410 meae
629 1378 725 1409 ante
745 1369 841 1410 Ald.
868 1368 945 1409 sec.
984 1382 1136 1410 omnes
1183 1369 1301 1425 (exc.
1330 1369 1425 1409 Ald.

79 1437 173 1491 pr.)
193 1450 292 1477 cum
307 1437 440 1478 Goth.
463 1445 506 1478 et
519 1437 631 1478 Vols.
651 1449 694 1478 2.
729 1437 904 1493 quando
924 1437 968 1477 d.
989 1451 1031 1492 q.
1067 1438 1226 1478 Placet.

187 1527 231 1571 3,
254 1519 297 1565 6,
320 1527 397 1572 53.
429 1520 619 1574 inquam.
667 1519 734 1560 Ad
759 1528 851 1560 not.
877 1518 1011 1560 Crit..
1002 1532 1012 1542 ·
1051 1519 1136 1562 Sed
1168 1520 1213 1559 in
1232 1519 1302 1559 alt.
1327 1517 1426 1558 coll.

81 1584 238 1626 dicitur
256 1588 402 1629 Turic.
424 1588 521 1629 dare
546 1589 590 1628 in
610 1602 754 1643 quam.

187 1677 231 1725 3,
269 1679 314 1719 7,
351 1670 430 1711 26.
468 1669 613 1709 eadem
631 1682 753 1724 quae.
825 1667 896 1708 Ad
913 1677 1005 1709 not.
1033 1668 1167 1709 crin:
1203 1632 1318 1707 Male
1337 1666 1433 1720 cepi

81 1743 235 1776 notam
264 1735 459 1784 Gesneri‚
505 1739 579 1790 qui
606 1737 717 1776 nihil
742 1750 794 1776 eo
822 1737 919 1776 loco
949 1746 1102 1777 monet
1125 1737 1179 1776 de
1209 1735 1430 1779 Goth-mo,

76 1801 154 1845 <fed
171 1817 250 1858 pro
269 1803 494 1861 eademque
510 1804 597 1858 ipse
617 1806 794 1856 conjicit
813 1804 957 1843 eadem
974 1819 1096 1858 quae.
1151 1803 1293 1844 Habet
1313 1803 1434 1843 enim

83 1871 215 1919 illud,
252 1886 353 1912 cum
374 1882 442 1913 tot
461 1873 551 1914 aliis
567 1873 700 1919 libris,
735 1873 865 1911 etiam
887 1872 1127 1918 Gothanus,
1161 1881 1211 1911 ut
1236 1871 1322 1926 ipse
1354 1883 1435 1911 no-

82 1939 188 1997 tavss.
257 1941 342 1982 Sed
362 1941 532 1981 firmant
552 1942 596 1988 ii,
631 1953 739 1995 quos
762 1940 866 1986 dixi,
901 1940 1041 1982 codd.
1063 1938 1320 1981 veriffimam
1334 1937 1434 1980 Ges-

81 2007 180 2048 neri
203 2009 567 2050 emendationem.

194 2102 237 2145 5,
271 2097 316 2142 8,
346 2097 428 2142 45.
465 2092 535 2131 hic
554 2089 622 2130 vel
642 2087 842 2130 ambitus.
896 2088 962 2129 Ad
983 2098 1076 2130 not.
1107 2088 1240 2132 (ἰήιε
1273 2089 1434 2130 Itidem

86 2156 157 2197 vel
174 2170 252 2212 pro
269 2157 551 2206 velutfiuelf.
578 2169 620 2205 2,
652 2159 695 2204 6,
726 2167 770 2208 5.
843 2154 1034 2198 Viciffim
1063 2151 1101 2204 ι’,
1127 2158 1171 2204 6,
1196 2170 1242 2200 2.
1284 2157 1431 2199 Turic-

87 2224 206 2266 velut
230 2239 310 2280 pro
335 2226 414 2279 vel,
447 2228 648 2285 idgmque
667 2239 768 2266 cum
789 2226 900 2266 Alm.
925 2236 967 2272 2,
1012 2237 1085 2273 12,
1119 2232 1167 2277 4.

195 2331 299 2382 Sed
325 2349 552 2382 manum
580 2332 648 2382 de
683 2332 875 2382 tabula.
956 2331 1130 2381 Habes
1165 2329 1286 2380 satis
1314 2317 1438 2384 lon-

87 2433 206 2490 gam
243 2434 580 2490 peccatorum
613 2423 874 2481 indicem,
932 2423 1059 2471 licet
1088 2424 1268 2471 minus
1305 2420 1437 2471 den-

88 2511 204 2564 sum
236 2515 395 2563 illum
428 2515 486 2563 in
515 2513 795 2581 postremis
834 2511 1002 2577 hisce,
1062 2513 1265 2579 quippe
1297 2529 1438 2563 non-

12 2645 15 2657 .
85 2603 593 2670 dum-„refrigerato
619 2604 951 2653 inventionis
979 2610 1208 2652 amore.“
1289 2607 1439 2672 Quae

3 2743 8 2749 ,
91 2702 268 2743 tamen
298 2695 388 2744 hic
417 2693 539 2745 sunt
574 2696 796 2763 repetita
827 2705 879 2743 et
911 2704 1211 2751 retraetata,
1274 2709 1443 2760 aeque
