1656 2990
500 215 955 265 PRAEFATIO.
1096 248 1098 251 -
1280 228 1409 256 ’ΧΧΧΙ

62 347 270 417 primus
292 344 509 411 explicit
529 343 888 408 (reliquorum
907 341 1061 390 initia
1080 337 1190 389 sola
1211 335 1414 404 signan-

62 449 154 489 tur
181 435 276 487 fic:
313 438 391 487 Μ.
413 437 466 484 F.
494 438 554 504 Q.
593 434 731 482 liber
749 434 810 481 II.
842 430 1091 498 incipit),
1130 431 1190 478 in
1216 429 1412 478 Gotha-

60 529 126 579 ni
149 544 281 578 vero
314 527 474 576 initio
505 524 628 574 sunt
655 524 810 573 haec:
868 524 946 572 M.
978 524 1031 570 F.
1070 525 1130 590 Q.
1167 519 1234 569 de
1269 518 1418 569 insti-

64 619 277 668 tutione
335 616 563 666 oratoria
622 613 689 662 ad.
749 612 1104 678 Tryphonem
1167 610 1415 677 Epistola.

67 709 231 776 Apud
268 705 595 757 Bandinium
631 703 989 753 Bibliothecae
1034 692 1418 751 Laurentianae

67 802 132 858 T.
157 813 205 846 2.
240 815 290 864 p.
314 810 420 855 581
445 825 508 832 —
530 808 617 853 85.
641 795 887 861 plerique
910 791 1079 843 Codd.
1107 794 1167 841 in
1195 791 1419 840 subscri-

67 890 256 955 ptione
290 887 582 955 pluralem:
640 879 999 954 Institutiones
1039 882 1163 934 dare
1201 899 1418 934 narran-

69 989 174 1033 tur·

181 1163 246 1211 In
275 1160 458 1210 liberis
492 1169 544 1208 et
571 1159 914 1209 matrimonio
939 1158 1261 1227 Quintiliani
1287 1153 1421 1206 diffi-

74 1251 240 1302 cultas
259 1250 522 1317 quaedam
546 1250 814 1312 objicitur,
847 1249 914 1299 de
939 1267 1045 1315 qua
1068 1250 1154 1314 egi
1185 1248 1251 1297 ad
1278 1262 1329 1306 5,
1377 1264 1424 1305 1,

78 1357 164 1413 213
245 1341 454 1392 Addam
480 1341 569 1401 hic
598 1341 707 1391 loci
738 1341 918 1407 aliqua
948 1341 1028 1389 ibi
1055 1336 1423 1407 praetermissa.

69 1434 208 1483 Non
237 1431 357 1481 sane
396 1448 532 1498 opus
563 1429 636 1480 est
677 1442 738 1481 ut
771 1442 1014 1481 mutetur
1055 1447 1256 1480 nomen
1296 1434 1426 1490 ejus,

79 1525 170 1573 cui
204 1522 453 1589 inscripta
488 1521 561 1571 est
601 1523 764 1571 Plinii
799 1521 1017 1588 epistola
1052 1527 1114 1580 6,
1157 1535 1244 1578 52.
1301 1535 1427 1568 cum

75 1613 231 1664 facile
254 1613 404 1680 poffit
426 1613 659 1680 intelligi
689 1613 819 1662 alter
844 1613 1233 1682 Quintilianus,
1274 1628 1302 1658 a
1327 1627 1427 1659 no-

79 1703 187 1755 stro
232 1703 485 1771 scriptore
530 1704 688 1769 plane
734 1701 991 1753 diversus.
1081 1706 1200 1752 Hoc
1249 1712 1430 1750 tamen

82 1793 259 1844 adhuc
290 1804 473 1852 teneo,
525 1803 578 1842 et
604 1794 744 1842 vitae
772 1793 1163 1861 Quintilianeae
1199 1793 1431 1842 rationes

83 1885 289 1934 turbari
309 1882 590 1941 videntur,
640 1880 679 1930 Γι
710 1881 894 1931 alteras
926 1885 1139 1948 nuptias
1175 1893 1228 1931 et
1262 1881 1432 1931 susce-

85 1985 231 2040 ptam
260 1990 326 2021 ex
358 1972 457 2023 isto
488 1972 832 2022 matrimonio
870 1970 1034 2021 filiam
1074 1973 1430 2038 agnoscamus.

87 2064 285 2128 Neque
312 2064 456 2125 enirn
491 2074 597 2111 tam
634 2059 814 2120 facile,
874 2080 1036 2128 quam
1073 2061 1132 2111 fit
1169 2080 1198 2111 a
1235 2063 1432 2120 Baelio,

94 2151 438 2210 crediderim,
477 2152 741 2210 Plinium,
779 2153 878 2201 ubi
908 2163 1069 2202 tenue
1093 2171 1192 2219 pro
1218 2152 1325 2202 suis
1356 2152 1434 2201 fa-

91 2243 376 2298 cultatibus
415 2259 617 2292 munus
656 2243 986 2309 praeceptori
1028 2241 1122 2292 suo
1165 2241 1321 2293 offert
1351 2243 1461 2307 id·-⁴

91 2349 198 2400 que
219 2331 590 2383 commendare
615 2330 812 2391 studet,
849 2331 1077 2399 potuiffe
1108 2351 1325 2383 omnem
1354 2334 1435 2383 di-

93 2423 341 2490 sciplinae
373 2422 522 2471 illius
561 2424 891 2472 mentionem
930 2424 1187 2473 omittere.
1289 2429 1436 2494 Quae

95 2513 163 2564 de
203 2513 406 2563 divitiis
443 2512 671 2562 rhetoris
704 2511 873 2562 nostri
904 2511 1241 2580 disputantur
1274 2516 1342 2564 ad.
1372 2516 1438 2564 il-

98 2603 215 2652 lum
242 2604 448 2662 locum,
488 2621 572 2663 ea,
610 2601 806 2660 fateor,
847 2602 979 2653 adeo
1008 2614 1122 2654 tuta
1152 2623 1265 2655 non
1298 2604 1438 2666 sunt,

99 2710 262 2760 quam
293 2695 532 2760 primum
560 2692 893 2743 videbantur.
971 2693 1254 2761 Postquam
1292 2698 1437 2745 enim
