1656 2990
228 214 342 252 xm}
666 207 1110 257 PRAEFATIO?

226 329 469 387 confilio,
528 335 590 380 ut
618 331 736 384 viro
772 330 1185 397 praestantiffimo
1221 322 1541 393 insultarem,

223 420 311 465 vel
325 434 493 468 meam
515 419 854 485 diligentiam,
890 436 1011 486 prae
1031 424 1140 482 ejus
1160 423 1380 482 incuria,
1412 441 1541 472 ven-

223 505 446 555 ditarem
512 512 670 576 (nam
728 508 872 557 stulti
924 520 1032 557 erat
1080 511 1138 557 in
1190 511 1538 574 patientiffimi

222 597 490 660 cujusque,
521 598 768 662 mancipii
808 596 1070 646 stomacho
1122 599 1341 662 gloriam
1381 616 1539 664 quae-

218 687 396 746 rere),
447 681 537 732 sed
565 696 630 734 ut
650 702 717 734 ne
749 685 867 749 quis
911 685 1146 734 haereret
1180 687 1277 738 ,ubi
1317 686 1538 752 scriptu·-

214 787 328 818 ram
379 772 623 822 Gothano
673 772 860 822 Codici
899 790 927 819 a
963 790 1049 822 me
1104 773 1352 823 tributam
1394 774 1536 841 apud

214 858 505 909 Gesnerum
539 860 727 910 frustra
761 859 1048 925 quaefiffet;
1117 879 1224 925 quo
1257 864 1316 911 in
1347 878 1536 927 genere

211 944 375 996 ficubi
402 959 583 996 notam
606 949 752 998 istam
773 965 942 997 meam
971 960 1066 997 tae.
1101 946 1251 1020 Gesn.
1284 946 1534 1016 apposue4

210 1036 315 1082 :rim
354 1035 508 1093 falso,
560 1052 736 1085 manes
780 1036 991 1085 Gesneri
1037 1037 1358 1088 libentiffime
1396 1039 1533 1087 mihi

207 1122 490 1187 ignoscent.
597 1125 740 1174 Illud
774 1142 837 1172 ex
867 1125 988 1189 ipsis
1026 1142 1054 1173 a
1094 1125 1320 1174 Gesnero
1350 1126 1531 1192 positis

205 1209 490 1276 scripturis
517 1213 656 1262 Msti
696 1213 954 1269 Gothani,
1031 1215 1192 1277 magis
1242 1223 1415 1263 tamen
1465 1230 1529 1262 ex

203 1300 364 1355 meis,
435 1301 688 1364 cognovi,
752 1298 853 1347 effe
896 1299 1151 1347 summam
1200 1302 1430 1351 Gothani
1474 1313 1529 1351 et

203 1385 426 1434 Voffiani
494 1387 711 1435 secundi
780 1387 1039 1436 Codicum
1111 1388 1525 1439 similitudinem.

203 1475 369 1535 Cujus
398 1477 475 1524 rei
506 1473 578 1522 sat
612 1476 777 1524 multa
813 1477 1048 1539 exempla
1081 1475 1298 1525 attuliffe
1334 1478 1525 1527 videor

200 1564 260 1609 in
291 1564 433 1611 notis
462 1564 692 1619 Criticis,
742 1574 804 1611 ut
836 1565 1002 1612 cuivis
1031 1565 1318 1613 attendenti
1351 1564 1524 1614 obser-

200 1652 342 1700 vatio
368 1668 481 1699 mea
510 1650 892 1715 persuadeatur.
970 1653 1204 1701 Pretium
1236 1669 1423 1702 vereor
1451 1670 1522 1702 ne

198 1740 429 1787 nimium
459 1739 597 1787 libro
635 1738 884 1787 statuatur
913 1757 941 1786 a
971 1738 1212 1789 Gesnero,
1325 1742 1519 1806 Neque

197 1827 341 1874 enim
369 1843 515 1883 raro,
585 1827 680 1874 ubi
710 1844 808 1891 par«
837 1828 940 1876 hoc
970 1827 1231 1876 Codicum
1263 1845 1291 1876 a
1318 1839 1516 1878 cetero-

195 1930 318 1962 rum
357 1916 599 1962 omnium
628 1916 934 1963 auctoritate
961 1914 1184 1972 recedit,
1228 1917 1515 1966 inveniun-

192 2010 279 2048 tur
315 2002 374 2048 in
404 1998 469 2048 iis
508 2000 789 2065 scripturae
821 2002 999 2051 minus
1042 2003 1235 2061 bonae,
1302 2015 1356 2052 et
1387 2006 1513 2055 tales

191 2086 516 2152 praesertim,
563 2105 722 2153 quae,
768 2099 946 2138 contra
981 2090 1148 2140 Codd.
1186 2091 1510 2152 consensum,

193 2174 326 2223 stent
382 2193 412 2222 a
471 2186 617 2240 parte
673 2175 1122 2225 vetustissimarum
1194 2179 1505 2228 editionum.

192 2264 514 2323 Huiusmodi
556 2265 670 2312 loca
705 2263 826 2313 sunt
867 2282 921 2322 1,
965 2278 1022 2322 5,
1061 2270 1146 2327 54.
1224 2284 1276 2324 1,
1318 2280 1376 2324 5,
1418 2272 1504 2329 67.

191 2349 314 2412 (etfi
338 2349 483 2399 Vols.
524 2367 570 2399 2.
601 2353 905 2416 -utrobique
949 2350 1153 2416 siletur)
1219 2368 1278 2411 2,
1319 2369 1415 2413 21,
1446 2361 1502 2404 r6.

190 2450 241 2494 5,
286 2455 330 2495 1,
373 2449 419 2495 5.
482 2453 531 2495 5,
569 2445 618 2497 6,
659 2446 742 2503 24.
806 2453 856 2497 5,
897 2445 946 2497 6,
982 2454 1066 2496 52.
1131 2454 1181 2498 5,
1224 2454 1272 2498 8,
1318 2457 1398 2490 12.
1452 2457 1504 2503 5,

192 2537 241 2582 8,
283 2538 348 2581 51
405 2524 526 2587 (sed
560 2525 701 2576 solus
729 2528 999 2577 Gothanus
1032 2533 1396 2594 memoratur).
1453 2544 1503 2588 5,

191 2625 249 2670 3,
289 2624 374 2672 39.
438 2627 499 2672 5,
538 2628 596 2673 ss,
638 2620 720 2664 60.
815 2620 1164 2685 Quapropter,
1221 2616 1385 2666 sicubi
1416 2618 1501 2668 his
