1656 2990
257 164 352 211 550
572 161 645 205 Μ.
678 162 806 206 FAB.
847 162 1254 220 QUINTILIANI

259 283 509 341 majorem
542 292 684 346 patre
714 281 808 332 suo
845 281 1085 333 futurum
1114 280 1344 332 ceciniffe
1376 282 1560 333 dicun-

204 373 250 398 12
263 366 350 404 tur
385 358 600 405 oracula.
693 358 854 422 Ipsius
883 376 1010 408 vero
1046 361 1158 408 laus
1190 359 1444 415 hominis,
1498 375 1562 406 ex

261 432 436 479 animo
470 442 520 479 et
551 449 768 497 corpore
806 444 856 481 et
884 445 1023 482 extra
1053 434 1228 499 politis
1254 435 1363 498 peti
1395 424 1562 481 debet.

259 509 325 554 Et
358 509 589 572 corporis
623 509 840 572 quidem
870 508 1318 572 fortuitorumque
1343 525 1464 557 cum
1492 508 1566 554 le-

259 582 396 637 vior,
433 595 548 637 tum
567 601 678 632 non
697 601 806 633 uno
824 584 985 633 modo
1009 584 1266 633 tractanda
1289 582 1372 632 est.
1427 583 1568 630 Nam

261 666 312 702 et
348 659 798 723 pulchritudinem
846 661 1057 709 interim
1099 660 1365 722 roburque
1395 657 1568 723 prose-

261 736 480 795 quimur
515 735 718 783 honore
756 735 1065 793 verborum,
1134 745 1194 784 ut
1222 739 1482 784 Homerus
1510 735 1572 781 in

262 811 651 873 Agamemnone
695 820 849 873 atque
891 811 1106 859 Achille.
1199 811 1414 858 Interim
1445 825 1570 857 con-
1642 859 1646 862 ,

264 882 365 932 fert
395 885 727 933 admirationi
746 887 976 935 multum
1000 888 1154 934 etiam
1174 884 1473 942 infirmitas,
1508 893 1572 932 ut

266 976 388 1007 cum
429 960 570 1008 idem
601 961 784 1025 Tydea
813 978 1062 1026 parvum,
1122 961 1213 1009 sed
1249 961 1572 1016 bellatorem,

209 1045 255 1080 13
270 1034 396 1082 dicit
426 1033 588 1083 fuiss'e.
667 1039 894 1085 Fortuna
925 1055 1079 1095 vero,
1120 1053 1243 1086 cum
1269 1036 1575 1101 dignitatem

265 1106 426 1168 affert,
463 1121 524 1159 ut
541 1113 827 1175 inregibus
854 1114 1285 1177 principibusque
1321 1113 1574 1176 (namque

265 1184 338 1232 est
376 1187 502 1234 haec
543 1189 754 1235 materia
801 1188 1144 1238 ostendendae
1189 1187 1398 1235 virtutis
1445 1186 1575 1233 ube-

264 1262 434 1327 rior),
491 1273 606 1310 tum
637 1279 744 1326 quo
783 1266 1012 1313 minores
1049 1281 1173 1328 opes
1214 1261 1454 1317 fuerunt,
1510 1277 1573 1308 eo

263 1339 514 1397 majorem
532 1337 809 1387 benefactis
834 1340 1053 1402 gloriam
1072 1339 1218 1402 parit.
1263 1337 1364 1385 Sed
1384 1337 1576 1391 omnia,

267 1428 400 1475 quae
419 1423 557 1459 extra
579 1431 675 1461 nos
692 1413 829 1461 bona
857 1413 977 1462 sunt
1005 1430 1241 1477 quaeque
1270 1411 1576 1460 hominibus

265 1485 402 1535 forte
433 1488 757 1552 obtigerunt,
796 1506 906 1537 non
929 1490 1049 1536 ideo
1084 1488 1389 1543 laudantur,
1431 1483 1578 1549 quod

265 1562 507 1611 habuerit
526 1566 643 1626 quis
665 1581 737 1619 ea,
772 1563 861 1612 sed
884 1564 1030 1628 quod
1053 1564 1116 1612 iis
1131 1561 1345 1612 honeste
1364 1561 1425 1610 fit
1440 1553 1575 1609 usus.

210 1640 410 1689 ¹4Nan1
439 1639 653 1686 divitiae
681 1649 731 1686 et
762 1641 992 1703 potentia
1015 1650 1067 1686 et
1089 1640 1273 1702 gratia,
1311 1654 1434 1685 cum
1460 1637 1579 1701 plu-

266 1716 464 1764 rimum
478 1715 678 1762 virium
701 1714 825 1762 dent
844 1715 902 1762 in
921 1725 1197 1778 utramque
1217 1722 1431 1778 partem,
1472 1727 1579 1758 cer-

351 1852 595 1902 ostendendae.
654 1851 775 1887 Guelf.
797 1850 979 1901 ostendiffe
999 1849 1105 1888 solus,
1134 1848 1230 1883 miro
1249 1859 1386 1882 errore.

346 1909 440 1956 fuer.
462 1922 504 1942 eo
519 1910 695 1953 majorem.
739 1908 828 1942 Tur.
849 1906 946 1942 Alm.
971 1915 1006 1940 et
1026 1904 1124 1941 Voss.
1150 1917 1180 1938 ι.
1202 1904 1381 1937 omittunt
1401 1913 1454 1939 eo,
1472 1898 1579 1941 male,

353 1963 555 2011 benefactis.
610 1964 703 2000 Jens.
744 1966 836 2006 (tac.
868 1963 998 2004 Gesn.)
1040 1961 1215 2006 beneficiis
1253 1970 1336 1992 cum
1373 1955 1453 1990 edd.
1496 1965 1578 1989 ante

270 2019 412 2067 Gryph.
446 2018 617 2053 omnibus
637 2027 778 2065 praeter
800 2017 886 2052 Bad.
910 2027 946 2051 et
965 2016 1075 2051 Cerv.
1096 2014 1228 2049 Badius
1250 2026 1269 2047 e
1288 2010 1442 2050 Vallenfi
1461 2021 1578 2045 corre-

268 2075 336 2113 xit,
366 2086 483 2121 neque
504 2073 600 2107 ullus
623 2073 712 2108 cod.
733 2072 884 2107 videtur
902 2072 985 2106 dare
1004 2082 1175 2104 errorem.

351 2130 445 2178 quod
474 2131 515 2163 iis
540 2127 690 2176 honeste.
751 2127 869 2162 Malui
898 2129 939 2161 ι’ἱς
966 2139 984 2160 e
1010 2125 1122 2160 Goth.
1140 2124 1233 2163 Jens.
1265 2124 1283 2165 s
1294 2130 1359 2156 tac.
1380 2121 1514 2168 Gesn.)
1542 2129 1580 2155 et

269 2185 350 2220 odd.
379 2194 461 2218 ante
490 2182 593 2219 Bafil.
621 2182 811 2220 omnibus,
847 2194 932 2230 prae
960 2182 1023 2216 his.

352 2241 496 2274 divitiae
522 2257 578 2266 ——
608 2240 768 2286 potentia
795 2256 849 2263 —
876 2239 1003 2284 gratia.
1061 2233 1182 2270 Guelf.
1211 2243 1331 2266 meros
1359 2230 1578 2265 accusativos

269 2295 349 2334 dat,
376 2295 491 2334 solus;
519 2294 587 2327 nili
613 2294 713 2340 quod
738 2293 776 2326 in
798 2292 922 2326 Tui-ic.
950 2291 1065 2325 literis
1094 2303 1136 2323 ao
1163 2288 1202 2322 in
1223 2288 1293 2322 cliv.
1324 2285 1579 2333 superscriptae

268 2352 352 2386 sunt
381 2348 469 2384 hae:
499 2363 549 2384 as.
612 2351 671 2383 An
691 2347 836 2396 faciunt
868 2355 1081 2394 acceperunt
1110 2343 1250 2378 dictum
1283 2341 1327 2375 de
1358 2339 1578 2378 oratoribus,

269 2407 335 2454 qui
351 2405 451 2439 hasce
470 2417 526 2438 res
539 2403 702 2451 facerent
719 2405 994 2449 experimentum
1016 2413 1148 2436 morum
1161 2401 1180 2432 ἑ)
1207 2395 1304 2432 Male
1325 2397 1415 2430 [ane.

351 2464 478 2498 virium
499 2461 582 2494 dent
603 2478 657 2486 —-
677 2457 802 2508 cernjff.
858 2456 1047 2493 Revocavi
1073 2453 1331 2489 diremtionem
1357 2450 1581 2485 Ante-Bur·

273 2567 339 2606 τᾶἷν
357 2570 635 2620 προϋπηργμένων
664 2587 717 2597 -
745 2559 767 2608 ἢ
787 2565 819 2603 εἰ
836 2579 900 2602 ποι-
1009 2564 1218 2612 Agamemn.
1233 2560 1491 2595 -AchilL—
1506 2558 1583 2605 Ty-

268 2623 314 2675 μὶ
341 2623 383 2661 vo*
414 2625 574 2675 προσῆκον
601 2622 659 2660 ἐπὶ
684 2621 727 2661 τὸ
755 2623 900 2675 βέλτιον
954 2620 1036 2654 dea.
1075 2619 1117 2653 11.
1136 2629 1170 2656 2,
1193 2624 1413 2664 477—79.
1437 2613 1582 2661 675—-

272 2678 335 2716 ιαὶ
363 2679 404 2717 νδ
428 2678 589 2716 κάλλιον.
962 2683 1027 2719 75.
1057 2683 1095 2718 5,
1123 2681 1216 2719 80¹·
