1656 2990
509 210 964 262 PRAEFATIO.
1246 227 1410 259 xxxm

1 316 7 326 ¹
38 353 125 399 Nea
158 338 218 385 in
256 334 505 404 Hispania
541 335 759 386 auditur
796 336 954 385 etiam
990 333 1169 386 seculo
1208 338 1403 402 quinto

59 428 301 486 ineunte,
347 427 407 476 in
436 426 715 476 Prudentii
749 427 958 494 hymno
1004 442 1034 490 7
1081 427 1403 494 peristepha-

55 535 171 568 non
192 530 245 568 ν.
278 531 402 576 152,
441 517 539 566 ubi
566 518 856 568 celebratur
881 518 1245 587 Quintilianus
1266 536 1404 567 mar-

54 618 146 674 tyr
187 607 707 675 Caesarauguftanus.¹
787 607 1264 674 Caesaraugustano
1307 626 1402 658 au·

53 708 166 747 tem
207 700 503 748 conventui
546 711 968 750 annumerantur
1009 700 1399 765 Calagurritani

53 787 181 837 teste
210 790 387 840 Plinio
419 793 483 838 H.
521 791 590 839 N.
628 804 678 848 5,
726 802 773 848 5.
855 792 1049 855 Neque
1072 800 1251 838 tamen
1273 805 1399 855 pro-

51 880 196 928 tinus
228 877 427 928 necesse
465 878 539 927 est
570 890 632 927 ut
667 891 824 930 natus
854 882 913 929 in
945 879 1197 946 Hispania
1232 878 1399 929 fuerit

49 966 243 1026 noster,
281 967 320 1016 fi
347 967 552 1017 familia
581 973 691 1030 ejus
725 969 853 1018 inde
886 968 959 1018 est
992 971 1234 1020 oriunda.
1307 969 1398 1019 Ef-

47 1055 230 1123 figiem
258 1059 581 1127 Quintiliani
609 1060 668 1108 in
695 1059 901 1125 aliquot
923 1059 1093 1110 codd„
1124 1063 1270 1109 MSS.
1305 1078 1396 1125 ap·
1470 1110 1473 1112 ,

45 1149 211 1214 pictas
242 1147 406 1198 refert
441 1148 735 1207 Bandinius
771 1151 831 1199 in
871 1152 1134 1217 Catalogis
1174 1151 1394 1200 Floren-

46 1241 185 1290 tinis.
263 1238 349 1291 Ad
372 1240 641 1293 Iuvenalis
664 1239 730 1288 de
753 1242 1089 1310 Quintiliano
1115 1242 1298 1291 locum
1332 1242 1395 1290 in

45 1330 283 1380 editione
307 1330 569 1379 Henninii
607 1331 808 1397 (1695)
848 1349 898 1398 p.
930 1347 1053 1381 212.
1095 1331 1294 1393 adjecta
1319 1330 1394 1380 est

44 1421 227 1471 tabula
273 1420 530 1470 exhibens
573 1421 756 1470 virum
807 1432 1071 1488 togatum,
1150 1421 1391 1481 stantem,

43 1511 242 1560 lunatis
284 1511 468 1560 calceis
505 1511 664 1577 pedes
696 1511 971 1563 indutum.
1050 1513 1153 1564 Sed
1191 1514 1392 1567 calceo-

42 1618 167 1650 rum
205 1599 374 1652 1110ᾶο
413 1601 563 1651 causa
594 1602 922 1668 propofitarn
955 1605 1262 1670 imaginem,
1301 1622 1392 1670 ap-

42 1702 206 1758 paret,
248 1690 398 1757 quod.
438 1691 624 1741 eadem
661 1691 734 1741 est
772 1693 918 1760 apud
949 1695 1274 1744 Balduinum
1305 1697 1413 1745 De*

44 1782 218 1830 calceo
247 1799 297 1847 p.
327 1785 396 1840 69
414 1818 428 1838 ‚
474 1792 526 1829 et
561 1782 650 1830 hic
684 1782 736 1830 se
763 1795 1076 1843 mutuatum
1107 1783 1390 1850 profitetur

29 1888 77 1930 ,a-
98 1870 301 1923 Casalio
334 1874 418 1920 De
449 1871 598 1921 urbis
633 1882 685 1920 et
722 1873 937 1938 imperii
956 1877 1189 1924 Romani
1215 1874 1389 1940 splen-

45 1959 210 2034 dore2
241 1961 386 2027 apud.
412 1978 575 2027 quem
603 1961 884 2011 exhibetur
913 1981 963 2029 p.
994 1977 1119 2022 258.
1149 1982 1326 2031 neque
1355 1981 1387 2014 e

44 2051 217 2100 veteri
246 2051 440 2117 lapide,
478 2050 569 2100 [ed.
594 2050 713 2101 ficta
750 2053 814 2102 ab
842 2051 956 2120 ipso
988 2053 1208 2105 Casalio.

196 2233 281 2280 De
310 2203 570 2297 Dialogti:
617 2234 716 2298 qui
752 2232 1060 2284 inscribitur
1087 2235 1182 2284 De
1211 2245 1384 2284 oraco-

41 2319 181 2370 ribus
220 2317 345 2392 five
392 2322 457 2369 de
504 2320 668 2396 causis
724 2335 1001 2389 corruptae
1052 2325 1386 2391 eloquenciae,

41 2409 278 2460 confecta
314 2428 396 2460 res
424 2411 521 2471 est,
579 2431 757 2480 neque
798 2417 1181 2480 argumentum
1214 2415 1386 2463 libelli

38 2509 214 2566 neque
238 2503 469 2553 auctoris
505 2514 726 2553 aetatem
759 2506 1049 2554 convenire
1078 2506 1139 2554 in
1170 2504 1386 2574 Quinti-

38 2591 275 2649 lianum,
340 2609 502 2657 quam
550 2595 611 2643 in
659 2594 868 2644 causam
916 2596 1095 2661 aliqua
1138 2605 1385 2645 annotata

37 2680 198 2731 habes
233 2680 299 2730 ad
336 2697 386 2741 2,
424 2691 486 2746 4,
527 2666 616 2747 42.
659 2695 711 2735 et
743 2680 1030 2738 afferentur
1063 2687 1223 2752 plura
1254 2684 1323 2734 ad.
1352 2688 1385 2732 6
