<?xml version="1.0" encoding="UTF-8"?>
<!DOCTYPE html PUBLIC "-//W3C//DTD XHTML 1.0 Transitional//EN"
    "http://www.w3.org/TR/xhtml1/DTD/xhtml1-transitional.dtd">
<html xmlns="http://www.w3.org/1999/xhtml" xml:lang="en" lang="en">
 <head>
  <title>
</title>
<meta http-equiv="Content-Type" content="text/html;charset=utf-8" />
  <meta name='ocr-system' content='tesseract 3.04.00' />
  <meta name='ocr-capabilities' content='ocr_page ocr_carea ocr_par ocr_line ocrx_word'/>
</head>
<body>
  <div class='ocr_page' id='page_1' title='image "./deinstitutioneor01quinuoft_0062.png"; bbox 0 0 1656 2990; ppageno 0'>
   <div class='ocr_carea' id='block_1_1' title="bbox 221 154 1096 204">
    <p class='ocr_par' dir='ltr' id='par_1_1' title="bbox 221 154 1096 204">
     <span class='ocr_line' id='line_1_1' title="bbox 221 154 1096 204; baseline 0.002 -6"><span class='ocrx_word' id='word_1_1' title='bbox 221 169 312 200; x_wconf 78' lang='lat' dir='ltr'>mv</span> <span class='ocrx_word' id='word_1_2' title='bbox 647 154 1096 204; x_wconf 82' lang='lat' dir='ltr'><strong>PRAEFATIO.</strong></span> 
     </span>
    </p>
   </div>
   <div class='ocr_carea' id='block_1_2' title="bbox 227 277 1605 2631">
    <p class='ocr_par' dir='ltr' id='par_1_2' title="bbox 227 277 1605 2631">
     <span class='ocr_line' id='line_1_2' title="bbox 338 277 1535 344; baseline 0.002 -17"><span class='ocrx_word' id='word_1_3' title='bbox 338 283 413 327; x_wconf 83' lang='lat' dir='ltr'>Ex</span> <span class='ocrx_word' id='word_1_4' title='bbox 447 277 638 343; x_wconf 75' lang='lat' dir='ltr'><strong>insigni</strong></span> <span class='ocrx_word' id='word_1_5' title='bbox 670 279 992 337; x_wconf 81' lang='lat' dir='ltr'>editionum,</span> <span class='ocrx_word' id='word_1_6' title='bbox 1051 294 1185 344; x_wconf 86' lang='lat' dir='ltr'>quae</span> <span class='ocrx_word' id='word_1_7' title='bbox 1223 278 1383 328; x_wconf 86' lang='lat' dir='ltr'>factae</span> <span class='ocrx_word' id='word_1_8' title='bbox 1414 277 1535 329; x_wconf 82' lang='lat' dir='ltr'>sunt</span> 
     </span>
     <span class='ocr_line' id='line_1_3' title="bbox 227 366 1538 432; baseline 0.001 -19"><span class='ocrx_word' id='word_1_9' title='bbox 227 366 486 432; x_wconf 83' lang='lat' dir='ltr'>scriptoris</span> <span class='ocrx_word' id='word_1_10' title='bbox 520 370 650 425; x_wconf 86' lang='lat' dir='ltr'>mei,</span> <span class='ocrx_word' id='word_1_11' title='bbox 687 367 1030 416; x_wconf 86' lang='lat' dir='ltr'>multitudine</span> <span class='ocrx_word' id='word_1_12' title='bbox 1060 386 1171 417; x_wconf 90' lang='lat' dir='ltr'>non</span> <span class='ocrx_word' id='word_1_13' title='bbox 1202 379 1538 418; x_wconf 89' lang='lat' dir='ltr'>contemnen-</span> 
     </span>
     <span class='ocr_line' id='line_1_4' title="bbox 229 455 1540 521; baseline 0.001 -20"><span class='ocrx_word' id='word_1_14' title='bbox 229 455 356 503; x_wconf 81' lang='lat' dir='ltr'>dum</span> <span class='ocrx_word' id='word_1_15' title='bbox 408 457 628 504; x_wconf 83' lang='lat' dir='ltr'>adhibui</span> <span class='ocrx_word' id='word_1_16' title='bbox 678 473 959 504; x_wconf 89' lang='lat' dir='ltr'>numerum</span> <span class='ocrx_word' id='word_1_17' title='bbox 1007 473 1180 519; x_wconf 89' lang='lat' dir='ltr'>neque</span> <span class='ocrx_word' id='word_1_18' title='bbox 1224 455 1540 521; x_wconf 86' lang='lat' dir='ltr'>poenitenda</span> 
     </span>
     <span class='ocr_line' id='line_1_5' title="bbox 229 542 1540 608; baseline 0.001 -19"><span class='ocrx_word' id='word_1_19' title='bbox 229 545 473 608; x_wconf 79' lang='lat' dir='ltr'>exempla.</span> <span class='ocrx_word' id='word_1_20' title='bbox 554 546 791 607; x_wconf 86' lang='lat' dir='ltr'>Principe</span> <span class='ocrx_word' id='word_1_21' title='bbox 807 544 1024 607; x_wconf 90' lang='lat' dir='ltr'>quidem</span> <span class='ocrx_word' id='word_1_22' title='bbox 1044 544 1274 593; x_wconf 84' lang='lat' dir='ltr'>editione</span> <span class='ocrx_word' id='word_1_23' title='bbox 1294 546 1449 608; x_wconf 86' lang='lat' dir='ltr'>(quae</span> <span class='ocrx_word' id='word_1_24' title='bbox 1469 542 1540 590; x_wconf 86' lang='lat' dir='ltr'>est</span> 
     </span>
     <span class='ocr_line' id='line_1_6' title="bbox 229 628 1541 696; baseline -0.001 -17"><span class='ocrx_word' id='word_1_25' title='bbox 229 628 495 696; x_wconf 82' lang='lat' dir='ltr'>Campani,</span> <span class='ocrx_word' id='word_1_26' title='bbox 533 643 704 680; x_wconf 86' lang='lat' dir='ltr'>curata</span> <span class='ocrx_word' id='word_1_27' title='bbox 723 635 934 688; x_wconf 82' lang='lat' dir='ltr'>Romae,</span> <span class='ocrx_word' id='word_1_28' title='bbox 971 647 1107 680; x_wconf 91' lang='lat' dir='ltr'>anno</span> <span class='ocrx_word' id='word_1_29' title='bbox 1132 633 1541 693; x_wconf 88' lang='lat' dir='ltr'>MCCCCLXX)</span> 
     </span>
     <span class='ocr_line' id='line_1_7' title="bbox 231 715 1544 785; baseline 0 -20"><span class='ocrx_word' id='word_1_30' title='bbox 231 722 421 782; x_wconf 80' lang='lat' dir='ltr'>pariter</span> <span class='ocrx_word' id='word_1_31' title='bbox 466 738 521 767; x_wconf 89' lang='lat' dir='ltr'>ac</span> <span class='ocrx_word' id='word_1_32' title='bbox 559 718 781 766; x_wconf 85' lang='lat' dir='ltr'>secunda</span> <span class='ocrx_word' id='word_1_33' title='bbox 814 718 1116 785; x_wconf 73' lang='lat' dir='ltr'>Andreana,</span> <span class='ocrx_word' id='word_1_34' title='bbox 1165 715 1420 783; x_wconf 78' lang='lat' dir='ltr'>progreffa</span> <span class='ocrx_word' id='word_1_35' title='bbox 1453 718 1544 766; x_wconf 89' lang='lat' dir='ltr'>illa</span> 
     </span>
     <span class='ocr_line' id='line_1_8' title="bbox 233 805 1544 864; baseline 0.002 -12"><span class='ocrx_word' id='word_1_36' title='bbox 233 807 417 853; x_wconf 84' lang='lat' dir='ltr'>eodem</span> <span class='ocrx_word' id='word_1_37' title='bbox 454 824 605 864; x_wconf 87' lang='lat' dir='ltr'>anno,</span> <span class='ocrx_word' id='word_1_38' title='bbox 659 809 787 855; x_wconf 89' lang='lat' dir='ltr'>item</span> <span class='ocrx_word' id='word_1_39' title='bbox 820 809 1041 863; x_wconf 86' lang='lat' dir='ltr'>Romae,</span> <span class='ocrx_word' id='word_1_40' title='bbox 1089 823 1151 854; x_wconf 85' lang='lat' dir='ltr'>ex</span> <span class='ocrx_word' id='word_1_41' title='bbox 1186 805 1389 855; x_wconf 85' lang='lat' dir='ltr'>officina</span> <span class='ocrx_word' id='word_1_42' title='bbox 1418 809 1544 854; x_wconf 89' lang='lat' dir='ltr'>Ger-</span> 
     </span>
     <span class='ocr_line' id='line_1_9' title="bbox 233 895 1545 951; baseline 0.001 -11"><span class='ocrx_word' id='word_1_43' title='bbox 233 911 512 943; x_wconf 86' lang='lat' dir='ltr'>manorum</span> <span class='ocrx_word' id='word_1_44' title='bbox 521 899 747 943; x_wconf 85' lang='lat' dir='ltr'>Pannarz</span> <span class='ocrx_word' id='word_1_45' title='bbox 763 906 812 942; x_wconf 88' lang='lat' dir='ltr'>et</span> <span class='ocrx_word' id='word_1_46' title='bbox 829 896 1164 951; x_wconf 87' lang='lat' dir='ltr'>Sweinheim,</span> <span class='ocrx_word' id='word_1_47' title='bbox 1186 895 1341 942; x_wconf 86' lang='lat' dir='ltr'>carui.</span> <span class='ocrx_word' id='word_1_48' title='bbox 1394 895 1545 944; x_wconf 88' lang='lat' dir='ltr'>Cam-</span> 
     </span>
     <span class='ocr_line' id='line_1_10' title="bbox 234 981 1545 1047; baseline 0.001 -18"><span class='ocrx_word' id='word_1_49' title='bbox 234 985 508 1046; x_wconf 83' lang='lat' dir='ltr'>panianam</span> <span class='ocrx_word' id='word_1_50' title='bbox 543 1000 664 1031; x_wconf 89' lang='lat' dir='ltr'>cum</span> <span class='ocrx_word' id='word_1_51' title='bbox 701 984 1156 1047; x_wconf 84' lang='lat' dir='ltr'>Capperonnerius</span> <span class='ocrx_word' id='word_1_52' title='bbox 1197 981 1399 1030; x_wconf 74' lang='lat' dir='ltr'>Parisiis</span> <span class='ocrx_word' id='word_1_53' title='bbox 1432 999 1545 1031; x_wconf 89' lang='lat' dir='ltr'>non</span> 
     </span>
     <span class='ocr_line' id='line_1_11' title="bbox 234 1070 1547 1134; baseline 0.001 -17"><span class='ocrx_word' id='word_1_54' title='bbox 234 1071 521 1128; x_wconf 88' lang='lat' dir='ltr'>inveniret,</span> <span class='ocrx_word' id='word_1_55' title='bbox 556 1073 963 1120; x_wconf 84' lang='lat' dir='ltr'>communicavit</span> <span class='ocrx_word' id='word_1_56' title='bbox 991 1088 1113 1120; x_wconf 90' lang='lat' dir='ltr'>cum</span> <span class='ocrx_word' id='word_1_57' title='bbox 1144 1087 1207 1119; x_wconf 91' lang='lat' dir='ltr'>eo</span> <span class='ocrx_word' id='word_1_58' title='bbox 1241 1071 1443 1134; x_wconf 84' lang='lat' dir='ltr'>aliquot</span> <span class='ocrx_word' id='word_1_59' title='bbox 1468 1070 1547 1118; x_wconf 89' lang='lat' dir='ltr'>lo·</span> 
     </span>
     <span class='ocr_line' id='line_1_12' title="bbox 238 1159 1547 1222; baseline 0.001 -18"><span class='ocrx_word' id='word_1_60' title='bbox 238 1174 423 1206; x_wconf 90' lang='lat' dir='ltr'>corum</span> <span class='ocrx_word' id='word_1_61' title='bbox 457 1163 566 1219; x_wconf 84' lang='lat' dir='ltr'>ejus</span> <span class='ocrx_word' id='word_1_62' title='bbox 599 1161 931 1208; x_wconf 80' lang='lat' dir='ltr'>collationem</span> <span class='ocrx_word' id='word_1_63' title='bbox 969 1160 1247 1216; x_wconf 80' lang='lat' dir='ltr'>Metarius‚</span> <span class='ocrx_word' id='word_1_64' title='bbox 1290 1159 1386 1222; x_wconf 90' lang='lat' dir='ltr'>qui</span> <span class='ocrx_word' id='word_1_65' title='bbox 1416 1159 1547 1205; x_wconf 89' lang='lat' dir='ltr'>etin</span> 
     </span>
     <span class='ocr_line' id='line_1_13' title="bbox 237 1245 1583 1316; baseline 0 -22"><span class='ocrx_word' id='word_1_66' title='bbox 237 1246 465 1310; x_wconf 83' lang='lat' dir='ltr'>Epistola</span> <span class='ocrx_word' id='word_1_67' title='bbox 494 1247 558 1295; x_wconf 86' lang='lat' dir='ltr'>ad.</span> <span class='ocrx_word' id='word_1_68' title='bbox 585 1248 848 1296; x_wconf 86' lang='lat' dir='ltr'>Clericum</span> <span class='ocrx_word' id='word_1_69' title='bbox 875 1248 939 1296; x_wconf 88' lang='lat' dir='ltr'>de</span> <span class='ocrx_word' id='word_1_70' title='bbox 970 1259 1092 1296; x_wconf 87' lang='lat' dir='ltr'>antt.</span> <span class='ocrx_word' id='word_1_71' title='bbox 1120 1252 1217 1316; x_wconf 82' lang='lat' dir='ltr'>Qu.</span> <span class='ocrx_word' id='word_1_72' title='bbox 1241 1245 1367 1294; x_wconf 89' lang='lat' dir='ltr'>Edd.</span> <span class='ocrx_word' id='word_1_73' title='bbox 1391 1262 1549 1311; x_wconf 86' lang='lat' dir='ltr'>quae·</span> <span class='ocrx_word' id='word_1_74' title='bbox 1577 1298 1583 1305; x_wconf 56' lang='grc'>,</span> 
     </span>
     <span class='ocr_line' id='line_1_14' title="bbox 239 1332 1548 1400; baseline 0.002 -20"><span class='ocrx_word' id='word_1_75' title='bbox 239 1332 359 1381; x_wconf 87' lang='lat' dir='ltr'>dam</span> <span class='ocrx_word' id='word_1_76' title='bbox 399 1336 711 1384; x_wconf 82' lang='lat' dir='ltr'>Lectionum</span> <span class='ocrx_word' id='word_1_77' title='bbox 751 1335 1031 1400; x_wconf 84' lang='lat' dir='ltr'>specimina</span> <span class='ocrx_word' id='word_1_78' title='bbox 1071 1336 1303 1391; x_wconf 83' lang='lat' dir='ltr'>exhibet,</span> <span class='ocrx_word' id='word_1_79' title='bbox 1369 1344 1548 1382; x_wconf 88' lang='lat' dir='ltr'>nactus</span> 
     </span>
     <span class='ocr_line' id='line_1_15' title="bbox 239 1423 1551 1487; baseline 0.001 -19"><span class='ocrx_word' id='word_1_80' title='bbox 239 1423 540 1487; x_wconf 86' lang='lat' dir='ltr'>exemplum</span> <span class='ocrx_word' id='word_1_81' title='bbox 594 1423 910 1472; x_wconf 72' lang='lat' dir='ltr'>vetustissimi</span> <span class='ocrx_word' id='word_1_82' title='bbox 955 1425 1079 1472; x_wconf 82' lang='lat' dir='ltr'>libri</span> <span class='ocrx_word' id='word_1_83' title='bbox 1125 1441 1187 1472; x_wconf 89' lang='lat' dir='ltr'>ex</span> <span class='ocrx_word' id='word_1_84' title='bbox 1233 1423 1551 1471; x_wconf 79' lang='lat' dir='ltr'>bibliotheca</span> 
     </span>
     <span class='ocr_line' id='line_1_16' title="bbox 237 1508 1550 1577; baseline 0 -21"><span class='ocrx_word' id='word_1_85' title='bbox 237 1511 627 1559; x_wconf 86' lang='lat' dir='ltr'>Pembrokiana.</span> <span class='ocrx_word' id='word_1_86' title='bbox 715 1515 830 1561; x_wconf 86' lang='lat' dir='ltr'>Nec</span> <span class='ocrx_word' id='word_1_87' title='bbox 876 1514 1019 1560; x_wconf 86' lang='lat' dir='ltr'>ullus</span> <span class='ocrx_word' id='word_1_88' title='bbox 1069 1522 1331 1577; x_wconf 86' lang='lat' dir='ltr'>praeterea</span> <span class='ocrx_word' id='word_1_89' title='bbox 1379 1508 1550 1557; x_wconf 86' lang='lat' dir='ltr'>editor</span> 
     </span>
     <span class='ocr_line' id='line_1_17' title="bbox 236 1596 1553 1648; baseline 0 -4"><span class='ocrx_word' id='word_1_90' title='bbox 236 1596 370 1645; x_wconf 86' lang='lat' dir='ltr'>hanc</span> <span class='ocrx_word' id='word_1_91' title='bbox 402 1599 688 1648; x_wconf 85' lang='lat' dir='ltr'>editionem</span> <span class='ocrx_word' id='word_1_92' title='bbox 725 1618 846 1648; x_wconf 91' lang='lat' dir='ltr'>cum</span> <span class='ocrx_word' id='word_1_93' title='bbox 874 1611 1017 1648; x_wconf 87' lang='lat' dir='ltr'>textu</span> <span class='ocrx_word' id='word_1_94' title='bbox 1047 1599 1328 1648; x_wconf 84' lang='lat' dir='ltr'>contendit.</span> <span class='ocrx_word' id='word_1_95' title='bbox 1404 1597 1553 1646; x_wconf 89' lang='lat' dir='ltr'>Mul-</span> 
     </span>
     <span class='ocr_line' id='line_1_18' title="bbox 238 1685 1553 1751; baseline 0.002 -20"><span class='ocrx_word' id='word_1_96' title='bbox 238 1687 303 1732; x_wconf 85' lang='lat' dir='ltr'>tis</span> <span class='ocrx_word' id='word_1_97' title='bbox 333 1687 521 1735; x_wconf 83' lang='lat' dir='ltr'>abhinc</span> <span class='ocrx_word' id='word_1_98' title='bbox 562 1690 732 1745; x_wconf 85' lang='lat' dir='ltr'>annis,</span> <span class='ocrx_word' id='word_1_99' title='bbox 793 1706 914 1736; x_wconf 88' lang='lat' dir='ltr'>cum</span> <span class='ocrx_word' id='word_1_100' title='bbox 948 1691 1004 1736; x_wconf 88' lang='lat' dir='ltr'>in</span> <span class='ocrx_word' id='word_1_101' title='bbox 1032 1689 1190 1751; x_wconf 83' lang='lat' dir='ltr'>Regis</span> <span class='ocrx_word' id='word_1_102' title='bbox 1225 1685 1397 1736; x_wconf 86' lang='lat' dir='ltr'>nostra</span> <span class='ocrx_word' id='word_1_103' title='bbox 1433 1687 1553 1734; x_wconf 87' lang='lat' dir='ltr'>aula</span> 
     </span>
     <span class='ocr_line' id='line_1_19' title="bbox 238 1773 1551 1840; baseline 0.001 -19"><span class='ocrx_word' id='word_1_104' title='bbox 238 1773 527 1823; x_wconf 83' lang='lat' dir='ltr'>versaretur</span> <span class='ocrx_word' id='word_1_105' title='bbox 550 1775 861 1825; x_wconf 84' lang='lat' dir='ltr'>doctissimus</span> <span class='ocrx_word' id='word_1_106' title='bbox 883 1776 1215 1840; x_wconf 76' lang='lat' dir='ltr'>Imperatoris</span> <span class='ocrx_word' id='word_1_107' title='bbox 1250 1785 1424 1823; x_wconf 80' lang='lat' dir='ltr'>orator</span> <span class='ocrx_word' id='word_1_108' title='bbox 1448 1777 1551 1822; x_wconf 85' lang='lat' dir='ltr'>Re-</span> 
     </span>
     <span class='ocr_line' id='line_1_20' title="bbox 237 1860 1552 1927; baseline 0.002 -19"><span class='ocrx_word' id='word_1_109' title='bbox 237 1863 400 1911; x_wconf 74' lang='lat' dir='ltr'>vitius</span> <span class='ocrx_word' id='word_1_110' title='bbox 432 1865 634 1920; x_wconf 86' lang='lat' dir='ltr'>Comes,</span> <span class='ocrx_word' id='word_1_111' title='bbox 675 1866 825 1912; x_wconf 90' lang='lat' dir='ltr'>etiam</span> <span class='ocrx_word' id='word_1_112' title='bbox 849 1866 1081 1913; x_wconf 87' lang='lat' dir='ltr'>Berolini</span> <span class='ocrx_word' id='word_1_113' title='bbox 1101 1873 1305 1927; x_wconf 87' lang='lat' dir='ltr'>poterat</span> <span class='ocrx_word' id='word_1_114' title='bbox 1337 1860 1552 1927; x_wconf 84' lang='lat' dir='ltr'>spectari</span> 
     </span>
     <span class='ocr_line' id='line_1_21' title="bbox 237 1940 1551 2013; baseline 0.002 -17"><span class='ocrx_word' id='word_1_115' title='bbox 237 1950 325 1996; x_wconf 88' lang='lat' dir='ltr'>hic</span> <span class='ocrx_word' id='word_1_116' title='bbox 364 1951 521 2008; x_wconf 86' lang='lat' dir='ltr'>liber,</span> <span class='ocrx_word' id='word_1_117' title='bbox 585 1953 836 2013; x_wconf 88' lang='lat' dir='ltr'>quoniam</span> <span class='ocrx_word' id='word_1_118' title='bbox 871 1940 1014 1998; x_wconf 41' lang='lat' dir='ltr'>&#39;inter</span> <span class='ocrx_word' id='word_1_119' title='bbox 1051 1951 1397 1999; x_wconf 85' lang='lat' dir='ltr'>bibliothecae</span> <span class='ocrx_word' id='word_1_120' title='bbox 1439 1954 1551 2011; x_wconf 86' lang='lat' dir='ltr'>ejus</span> 
     </span>
     <span class='ocr_line' id='line_1_22' title="bbox 237 2037 1551 2103; baseline 0.003 -20"><span class='ocrx_word' id='word_1_121' title='bbox 237 2037 522 2085; x_wconf 85' lang='lat' dir='ltr'>lectiffimae</span> <span class='ocrx_word' id='word_1_122' title='bbox 548 2040 750 2086; x_wconf 85' lang='lat' dir='ltr'>cimelia</span> <span class='ocrx_word' id='word_1_123' title='bbox 775 2037 1087 2096; x_wconf 82' lang='lat' dir='ltr'>servabatur,</span> <span class='ocrx_word' id='word_1_124' title='bbox 1126 2056 1256 2103; x_wconf 87' lang='lat' dir='ltr'>quae</span> <span class='ocrx_word' id='word_1_125' title='bbox 1278 2054 1421 2087; x_wconf 90' lang='lat' dir='ltr'>nunc</span> <span class='ocrx_word' id='word_1_126' title='bbox 1449 2040 1551 2088; x_wconf 90' lang='lat' dir='ltr'>Co-</span> 
     </span>
     <span class='ocr_line' id='line_1_23' title="bbox 237 2127 1605 2190; baseline -0.002 -16"><span class='ocrx_word' id='word_1_127' title='bbox 237 2127 416 2174; x_wconf 88' lang='lat' dir='ltr'>mitem</span> <span class='ocrx_word' id='word_1_128' title='bbox 449 2129 766 2190; x_wconf 88' lang='lat' dir='ltr'>Spencerum</span> <span class='ocrx_word' id='word_1_129' title='bbox 808 2127 961 2174; x_wconf 89' lang='lat' dir='ltr'>habet</span> <span class='ocrx_word' id='word_1_130' title='bbox 997 2127 1298 2184; x_wconf 88' lang='lat' dir='ltr'>dominum,</span> <span class='ocrx_word' id='word_1_131' title='bbox 1347 2137 1409 2175; x_wconf 89' lang='lat' dir='ltr'>ut</span> <span class='ocrx_word' id='word_1_132' title='bbox 1438 2127 1548 2175; x_wconf 88' lang='lat' dir='ltr'>duo</span> <span class='ocrx_word' id='word_1_133' title='bbox 1603 2168 1605 2171; x_wconf 81' lang='grc'>,</span> 
     </span>
     <span class='ocr_line' id='line_1_24' title="bbox 238 2213 1553 2263; baseline 0.002 -3"><span class='ocrx_word' id='word_1_134' title='bbox 238 2215 295 2261; x_wconf 89' lang='grc'>111</span> <span class='ocrx_word' id='word_1_135' title='bbox 352 2213 522 2262; x_wconf 81' lang='lat' dir='ltr'>insula</span> <span class='ocrx_word' id='word_1_136' title='bbox 575 2225 815 2263; x_wconf 87' lang='lat' dir='ltr'>veterum</span> <span class='ocrx_word' id='word_1_137' title='bbox 871 2216 1141 2262; x_wconf 82' lang='lat' dir='ltr'>literarum</span> <span class='ocrx_word' id='word_1_138' title='bbox 1202 2213 1553 2262; x_wconf 80' lang='lat' dir='ltr'>studiofiffima</span> 
     </span>
     <span class='ocr_line' id='line_1_25' title="bbox 238 2300 1551 2367; baseline 0.002 -19"><span class='ocrx_word' id='word_1_139' title='bbox 238 2300 398 2359; x_wconf 81' lang='lat' dir='ltr'>hujus</span> <span class='ocrx_word' id='word_1_140' title='bbox 424 2302 668 2351; x_wconf 84' lang='lat' dir='ltr'>editionis</span> <span class='ocrx_word' id='word_1_141' title='bbox 695 2303 928 2367; x_wconf 87' lang='lat' dir='ltr'>exempla</span> <span class='ocrx_word' id='word_1_142' title='bbox 956 2300 1050 2349; x_wconf 80' lang='lat' dir='ltr'>effe</span> <span class='ocrx_word' id='word_1_143' title='bbox 1083 2300 1294 2359; x_wconf 88' lang='lat' dir='ltr'>constet,</span> <span class='ocrx_word' id='word_1_144' title='bbox 1328 2301 1459 2350; x_wconf 88' lang='lat' dir='ltr'>dum</span> <span class='ocrx_word' id='word_1_145' title='bbox 1492 2303 1551 2351; x_wconf 86' lang='lat' dir='ltr'>in</span> 
     </span>
     <span class='ocr_line' id='line_1_26' title="bbox 239 2378 1551 2454; baseline 0.001 -18"><span class='ocrx_word' id='word_1_146' title='bbox 239 2389 457 2453; x_wconf 76' lang='lat' dir='ltr'>reliquis</span> <span class='ocrx_word' id='word_1_147' title='bbox 506 2378 654 2439; x_wconf 83' lang='lat' dir='ltr'>terris</span> <span class='ocrx_word' id='word_1_148' title='bbox 697 2407 764 2439; x_wconf 88' lang='lat' dir='ltr'>ne</span> <span class='ocrx_word' id='word_1_149' title='bbox 805 2391 901 2439; x_wconf 91' lang='lat' dir='ltr'>uni</span> <span class='ocrx_word' id='word_1_150' title='bbox 944 2389 1161 2454; x_wconf 87' lang='lat' dir='ltr'>quidem</span> <span class='ocrx_word' id='word_1_151' title='bbox 1201 2389 1391 2438; x_wconf 87' lang='lat' dir='ltr'>editori</span> <span class='ocrx_word' id='word_1_152' title='bbox 1436 2389 1551 2454; x_wconf 88' lang='lat' dir='ltr'>post</span> 
     </span>
     <span class='ocr_line' id='line_1_27' title="bbox 240 2475 1550 2542; baseline 0.002 -19"><span class='ocrx_word' id='word_1_153' title='bbox 240 2477 340 2523; x_wconf 86' lang='lat' dir='ltr'>tria</span> <span class='ocrx_word' id='word_1_154' title='bbox 376 2475 545 2525; x_wconf 80' lang='lat' dir='ltr'>secula</span> <span class='ocrx_word' id='word_1_155' title='bbox 580 2479 742 2541; x_wconf 86' lang='lat' dir='ltr'>potiri</span> <span class='ocrx_word' id='word_1_156' title='bbox 779 2495 837 2526; x_wconf 89' lang='lat' dir='ltr'>ea</span> <span class='ocrx_word' id='word_1_157' title='bbox 868 2479 1134 2542; x_wconf 83' lang='lat' dir='ltr'>contingit.</span> <span class='ocrx_word' id='word_1_158' title='bbox 1222 2478 1550 2525; x_wconf 86' lang='lat' dir='ltr'>Andreanam</span> 
     </span>
     <span class='ocr_line' id='line_1_28' title="bbox 241 2562 1549 2631; baseline 0.002 -21"><span class='ocrx_word' id='word_1_159' title='bbox 241 2562 501 2613; x_wconf 82' lang='lat' dir='ltr'>Gibsonus</span> <span class='ocrx_word' id='word_1_160' title='bbox 540 2566 764 2614; x_wconf 86' lang='lat' dir='ltr'>contulit</span> <span class='ocrx_word' id='word_1_161' title='bbox 794 2576 844 2614; x_wconf 85' lang='lat' dir='ltr'>et</span> <span class='ocrx_word' id='word_1_162' title='bbox 874 2564 1132 2631; x_wconf 75' lang='lat' dir='ltr'>excerpsit,</span> <span class='ocrx_word' id='word_1_163' title='bbox 1169 2582 1341 2630; x_wconf 88' lang='lat' dir='ltr'>neque</span> <span class='ocrx_word' id='word_1_164' title='bbox 1378 2577 1549 2615; x_wconf 86' lang='lat' dir='ltr'>tamen</span> 
     </span>
    </p>
   </div>
  </div>
 </body>
</html>
