1656 2990
571 216 1031 276 PRAEFATIO.
1337 230 1481 262 xxux

129 343 354 412 quidem
385 343 644 395 existimet
666 356 843 404 notaS,
859 361 1016 411 --quae
1035 343 1204 416 textui
1226 340 1323 409 ipsi
1345 360 1472 409 pro-

128 436 275 485 tinus
304 433 677 498 subjiciuntur.
756 439 919 486 Erant
952 445 1130 485 autem
1162 434 1339 484 nihilo
1372 433 1473 482 mi-

125 543 230 575 nus
252 523 556 575 scribendae
582 543 696 586 eae,
739 537 803 577 ut
822 527 1015 577 harum
1044 541 1264 590 quoque
1289 540 1474 573 rerum

126 615 338 676 curiosi,
376 634 512 681 quos
534 619 799 667 lectorum
818 616 975 683 supra
1003 614 1350 665 definitorum
1371 632 1475 664 nu·

124 722 275 756 mero
312 724 651 773 nequaquam
679 689 872 766 eximo,
907 708 1164 756 haberent
1194 704 1340 757 unde
1366 715 1477 753 tex-

126 806 214 845 tus
236 795 684 856 constitutionem,
724 815 886 863 quam
906 798 1153 864 praetuli,
1196 814 1322 847 cum
1342 796 1475 845 alio-

124 903 251 936 rum
267 923 282 945 ‚
320 886 546 945 'Gesneri
580 891 640 936 in
673 890 886 953 primis,
934 890 1138 938 ratione
1169 885 1474 937 conferrent

125 985 180 1024 et
212 974 538 1037 judjcarent;
597 976 974 1043 cognoscerent
1010 979 1168 1026 etiam
1199 976 1365 1026 ficubi
1398 977 1475 1024 la-

123 1074 240 1114 tens
275 1065 498 1132 aliquod
535 1068 740 1118 vulnus
771 1078 824 1117 et
855 1069 993 1118 male
1032 1077 1342 1116 concretum
1377 1064 1474 1114 fal-

123 1151 232 1203 sam
247 1153 476 1207 sanitatis
494 1156 722 1223 speciem
741 1158 1054 1209 ostenderet.
1130 1160 1271 1207 Haec
1294 1157 1477 1207 onmia

123 1260 191 1296 eo
217 1247 383 1311 magis
404 1247 543 1298 mihi
562 1247 788 1313 fuerunt
808 1247 1141 1317 praestanda,
1181 1264 1292 1312 quo
1317 1246 1475 1313 plura

125 1335 354 1387 Criticae
384 1340 466 1389 rei
501 1339 784 1406 praesidia,
844 1359 943 1391 nec
979 1341 1120 1389 levia
1153 1340 1270 1397 illa,
1333 1336 1474 1386 mihi

121 1429 455 1495 contigerant
509 1432 844 1496 optimorum
895 1433 1163 1499 virorum⁴
1193 1425 1473 1485 benefici0‚

121 1518 190 1569 de
224 1512 425 1587 quibus‘
451 1519 592 1571 infra
619 1521 842 1575 dicetur.

240 1704 566 1772 Quintiliani
594 1702 1110 1781 vitaefxponendae
1135 1704 1309 1754 otium
1332 1696 1473 1748 mihi

120 1789 366 1842 fecerunt
392 1793 680 1854 Gesneru5‚
729 1798 790 1844 in
824 1795 1179 1862 praefatione,
1226 1803 1279 1841 et
1306 1794 1471 1840 Erne-

119 1879 230 1937 stus
266 1883 326 1930 in
363 1883 687 1933 bibliotheca
719 1885 1053 1944 Fabriciana,
1124 1897 1370 1949 quosque
1410 1877 1473 1926 hi

121 1970 394 2025 recensent
421 1975 559 2022 varii
589 1985 845 2025 auctores.
957 1977 1155 2041 Aliqua
1188 1984 1366 2024 tamen
1403 1967 1470 2017 ad

120 2058 301 2124 ipsum
345 2059 656 2129 scriptorem
703 2075 757 2114 et
803 2066 971 2132 magis
1022 2067 1181 2114 etiam
1230 2062 1297 2111 ad.
1347 2061 1470 2118 hoc,

122 2149 274 2214 quod
296 2161 600 2213 tractamus,
642 2170 780 2220 opus
807 2153 1090 2220 spectantia
1121 2152 1340 2210 restant,
1378 2150 1469 2199 hic

121 2254 152 2287 a
181 2257 269 2288 me
302 2244 834 2306 quoque·monenda.
930 2247 1115 2294 Statim
1151 2245 1212 2292 in
1243 2242 1465 2292 nomine

120 2327 314 2379 videor
340 2331 674 2382 excusatione
703 2334 964 2400 indigere,
1003 2336 1100 2400 qui
1120 2333 1282 2383 usum
1298 2332 1469 2399 pluri-

117 2436 339 2470 morum
372 2419 491 2487 post
527 2435 730 2473 renatas
762 2425 939 2474 literas
984 2425 1290 2490 capitalium
1319 2423 1467 2472 viro-

120 2525 247 2558 rum
268 2509 593 2563 deseruerim
607 2552 622 2571 ‚
661 2515 1090 2583 Quinctilianum
1117 2531 1231 2564 non
1252 2512 1467 2583 Quinti-

122 2598 325 2650 lianum
362 2599 722 2652 scribentium.
823 2606 887 2654 In
917 2602 1059 2671 ipsos
1092 2606 1267 2671 operis
1300 2604 1466 2664 hujus

124 2688 310 2742 titulos
343 2691 534 2743 induci
561 2691 692 2746 haec
713 2694 866 2746 *ratio
897 2696 1100 2763 coepit,
1154 2693 1254 2745 nisi
1289 2693 1464 2754 fallor,
