1656 2990
233 213 330 256 310
536 202 617 249 M.
651 203 784 246 FAB:
819 202 1228 261 QUINTILIANI

233 324 435 388 alioqui
451 334 696 372 neutrum
722 322 831 370 sine
853 325 1012 371 altero
1033 322 1258 373 sufficiet.
1332 329 1398 374 Et
1415 326 1548 376 sicut

233 399 466 448 hominis
491 409 634 446 ortus
655 414 717 445 ex
741 409 971 462 utroque
995 400 1323 462 gignentium
1346 401 1550 457 confer-

235 485 349 531 tur,
383 484 432 520 et
455 472 639 522 frustra
662 472 895 538 sparseris
915 472 1135 530 semina,
1173 473 1272 522 nisi
1294 476 1384 522 illa
1403 494 1549 540 prae-

235 550 470 598 mollitus
507 547 701 596 foverit
739 546 934 597 sulcus:
992 550 1062 596 ita
1102 551 1400 613 eloquentia
1438 568 1552 600 coa-

237 622 424 671 lescere
453 626 661 687 nequit,
700 623 801 672 nisi
830 623 1013 673 sociata
1034 625 1280 674 tradentis
1300 627 1553 691 accipien-

237 700 408 763 tisque
438 699 730 748 concordia.

350 852 410 898 X.
451 853 512 898 In
536 851 619 899 his
642 851 824 915 primis
853 850 1121 914 operibus,
1157 867 1289 912 quae
1314 867 1426 899 non
1446 850 1554 915 ipsa

243 941 335 990 pai
339 943 402 973 va
433 924 552 973 sunt
584 925 673 973 sed
694 930 948 986 majolum
973 922 1112 988 quasi
1143 926 1374 973 membra
1399 936 1560 990 atque

242 1012 437 1066 partes,
474 1003 606 1049 bene
635 1001 871 1053 instituto
904 1017 959 1047 ao
981 999 1095 1048 satis
1121 1002 1418 1058 exercitato,
1455 1005 1557 1062 jam

241 1075 350 1123 fere
374 1066 579 1140 teinpus
605 1087 808 1141 appetet
835 1074 1169 1140 aggrediendi
1200 1074 1444 1125 [uasorias
1476 1082 1555 1137 ju-

241 1151 556 1215 dicialesque
578 1154 836 1199 materias:
879 1167 1100 1214 quarum
1121 1161 1390 1214 antequam
1415 1153 1556 1200 viam

240 1226 535 1291 ingredior,
574 1244 735 1291 pauca
758 1227 893 1274 mihi
915 1226 978 1273 de
1004 1224 1109 1289 ipsa
1134 1225 1456 1274 declamandi
1478 1243 1556 1274 ra-

240 1303 385 1350 tione
439 1301 658 1349 dicenda
706 1301 851 1349 sunt:
917 1318 1049 1364 quae
1094 1301 1334 1366 quidem,
1384 1312 1442 1350 ut
1493 1319 1555 1349 ex

243 1377 491 1425 omnibus
511 1377 776 1425 noviffime
796 1378 1032 1431 inventa,
1074 1377 1143 1422 ita
1170 1377 1336 1424 multo
1359 1375 1430 1424 est
1451 1378 1553 1424 uti-
1569 1382 1643 1418 162

210 1450 436 1500 2liffim'a.
513 1455 652 1499 Nam
681 1463 731 1499 et
755 1462 937 1500 cuncta
964 1452 1078 1507 illa,
1114 1450 1180 1498 de
1204 1451 1395 1514 quibus
1425 1450 1559 1500 dixi-

243 1544 388 1584 mus,
424 1529 481 1575 in
516 1526 568 1574 se
610 1527 719 1575 fere
758 1528 1016 1582 continet,
1057 1533 1107 1572 et
1141 1519 1347 1574 veritati
1381 1528 1558 1591 proxi-

242 1619 382 1651 mam
418 1600 698 1667 imaginem
733 1602 935 1651 reddit:
976 1601 1203 1664 ideoque
1236 1602 1306 1648 ita
1329 1601 1405 1654 est,
1427 1603 1558 1649 cele-

244 1677 412 1734 brata,
449 1689 510 1726 ut
544 1679 807 1742 plerisque
839 1677 1106 1724 videretur
1135 1676 1199 1723 ad
1231 1675 1558 1725 formandam
1635 1701 1647 1722 ,ι

245 1754 601 1816 eloquentiam
627 1755 714 1801 vel
742 1752 847 1801 sola
879 1750 1120 1799 sufficere.
1200 1753 1390 1815 Neque
1415 1754 1557 1799 enim

244 1830 412 1876 virtus
450 1830 557 1876 ulla
596 1839 874 1892 perpetuae
914 1827 1161 1875 duntaxat
1202 1828 1447 1875 orationis
1478 1844 1557 1874 re-

245 1904 407 1968 periri
435 1903 624 1967 potest,
661 1920 792 1967 quae
824 1920 934 1950 non
965 1901 1028 1949 sit
1064 1919 1184 1951 cum
1217 1901 1312 1948 hac
1346 1901 1556 1949 dicendi

209 1979 581 2026 5meditatione
619 1979 926 2027 communis.
995 1980 1072 2025 Eo
1107 1976 1322 2041 quidem
1351 1994 1431 2026 res
1465 1976 1556 2024 ista

319 2117 491 2168 sufficiet.
546 2119 667 2155 Guelf.
699 2129 735 2154 et
765 2118 878 2154 Goth.
909 2118 1002 2163 (tac.
1036 2115 1353 2166 Gesu.)s15fficit,
1382 2129 1464 2151 cum
1497 2116 1559 2152 ali-

243 2184 336 2221 quot
367 2174 482 2210 codd.
516 2185 552 2209 et
581 2175 661 2208 edd.
684 2185 773 2208 vett.
807 2186 895 2220 quas
920 2174 998 2207 vidi
1024 2185 1122 2206 omn.
1178 2173 1361 2208 Videntur
1382 2175 1502 2207 tamen
1523 2182 1559 2206 et
1628 2207 1636 2219 ,

241 2240 415 2276 receptae,
445 2242 536 2276 quae
558 2230 683 2276 ntique
704 2229 870 2276 praestat,
900 2229 966 2262 effe
984 2237 1145 2262 auctores
1169 2227 1284 2262 Codd.

325 2295 441 2332 anteq.
453 2305 508 2311 -—
527 2285 714 2331 ingredior.
750 2284 869 2319 Guelf.
887 2293 922 2317 et
942 2282 1056 2318 Goth.
1071 2283 1246 2330 ingrediar
1266 2295 1347 2316 curn
1369 2291 1459 2316 vett.
1475 2281 1556 2316 edd.

243 2349 287 2374 ut
306 2341 399 2377 Jens.
420 2342 514 2384 (tac.
534 2342 669 2383 Gesn.).
720 2342 853 2374 Utrum
873 2338 1041 2385 praestet,
1065 2350 1131 2387 ego
1151 2350 1226 2371 non
1246 2337 1421 2378 dixerim„
1457 2336 1555 2372 Alm.

243 2395 381 2429 nostrae
408 2395 602 2442 scripturae
623 2404 768 2434 auctor,
797 2406 907 2440 quam
928 2403 963 2427 et
985 2393 1074 2428 Obr.
1101 2393 1174 2426 dat.

297 2491 474 2542 novfflme
503 2497 653 2529 inventa.
693 2494 738 2528 cf.
769 2502 805 2532 2,
832 2499 870 2539 4,
979 2503 1173 2539 perpetuae
1196 2511 1249 2518 —
1271 2493 1447 2527 orationis.
1475 2490 1555 2526 vid.

241 2554 307 2595 41.
331 2556 397 2595 42.
928 2555 964 2586 2,
987 2557 1049 2584 2ο,
1073 2557 1108 2589 7.

299 2604 473 2638 celebrata
513 2603 539 2637 i.
572 2616 603 2637 e.
631 2603 870 2649 frequentata,
978 2602 1213 2636 meditatione.
1271 2601 1368 2636 Cum
1402 2601 1555 2636 Francia

239 2668 284 2692 ut
308 2672 368 2697 ιο,
391 2671 423 2697 1,
445 2658 534 2704 96,
537 2658 694 2696 ,Iambus
721 2671 796 2694 non
814 2677 871 2688 —
927 2656 1014 2701 (sed
1031 2657 1122 2703 quid
1141 2669 1215 2690 non
1233 2655 1376 2700 hnic?)
1399 2657 1439 2690 in
1457 2668 1557 2690 men-

238 2727 283 2753 „a
301 2713 481 2750 Romanis
502 2713 719 2750 celebr-‘atus
927 2721 1002 2747 tem
1048 2712 1191 2748 venerit
1227 2711 1336 2747 etiam
1376 2711 1556 2762 corrigere

278 2753 287 2791 ί
