1656 2990
372 167 536 212 INST.
574 165 852 212 ORATOR.
889 165 1010 209 Lm.
1044 164 1142 220 111,
1179 172 1226 220 4·
1383 173 1482 223 459

142 295 204 343 in
229 278 519 359 Sophiste,x
526 291 765 357 judiciali
790 300 842 339 et
865 288 1142 339 concionali
1166 290 1372 338 tertiam
1392 288 1484 338 ad-

142 371 270 435 jecit
301 370 696 438 προσ-σμιλητικὴν,
756 384 916 433 quam
955 365 1074 414 sane
1113 367 1484 432 permittamus

143 447 299 497 nobis
327 446 502 495 dicere
521 441 1016 518 sermonicacricem:
1066 461 1200 508 quae
1228 461 1255 492 a
1285 442 1482 492 forensi

142 525 348 573 ratione
375 523 726 590 disiungitur,
776 533 828 570 et
854 520 925 570 est
954 521 1342 570 accommodata
1371 522 1482 587 pri-

142 603 278 650 vatis
309 599 781 666 disputationibus3
844 602 995 660 cujus
1028 599 1107 646 vis
1139 598 1321 646 eadem
1356 613 1482 663 pro-

143 675 284 726 fecto
306 676 394 735 est,
437 694 570 743 quae
597 677 908 725 dialecticae.
986 672 1229 724 Isocrates
1250 677 1309 723 in
1331 676 1542 725 omniu

12 751 27 812 j
74 797 76 801 ⁴
142 771 336 820 genere
372 753 530 803 ineffe
570 754 773 803 laudem
812 771 869 803 ac
905 754 1515 817 vituperationenzexi--
1581 782 1585 786 ·

141 829 388 881 stimavit.
507 831 682 881 Nobis
715 841 766 879 et
799 829 1103 880 tutiffmmm
1136 829 1484 879 estauctores

140 909 324 974 plures
344 907 510 974 sequi,
551 919 602 957 et
620 910 692 956 ita
709 907 923 957 videtur
946 908 1081 956 ratio
1105 906 1312 955 dictare.
1396 905 1483 956 Est
1498 926 1547 954 ιε

141 986 334 1051 igitur,
385 996 446 1034 ut
481 986 619 1043 dixi,
673 1002 845 1034 unum
890 1001 1079 1049 genus,
1134 1001 1244 1048 quo
1275 985 1484 1033 lausac

141 1062 462 1128 vituperatio
501 1064 831 1120 continetur,
882 1060 974 1110 sed
1002 1059 1074 1109 est
1106 1062 1429 1126 appellatum
1456 1078 1485 1109 a

139 1149 288 1205 parte
307 1139 529 1188 meliore
562 1139 901 1188 laudativum.
981 1138 1126 1186 idem
1161 1139 1485 1187 alii'demon-

128 1211 419 1285 strativum
443 1227 649 1266 vocant.
669 1222 671 1225 “
708 1227 1001 1280 utrumque
1020 1232 1220 1264 nomen
1240 1231 1303 1263 ex
1329 1218 1487 1264 Grae·
1538 1224 1539 1228 ’

140 1308 204 1341 co
236 1293 470 1342 creditur
497 1290 711 1342 fluxisse.
790 1310 916 1342 nam
950 1302 1002 1340 et
1039 1294 1390 1358 ἐγκωμιαστικὸν
1432 1304 1486 1342 et

140 1368 418 1421 ἐπιδεικτικὸν
458 1370 660 1419 dicunt.
748 1371 851 1439 Sed
882 1370 1019 1418 mihi
1056 1367 1330 1422 ἐπιδεικτικὸν
1369 1388 1483 1420 non
1500 1384 1548 1420 13

140 1456 248 1496 tam
269 1443 713 1516 demonstrationis
732 1449 846 1517 vim
868 1447 1061 1495 habere
1074 1485 1087 1504 ,
1126 1465 1287 1511 quam
1319 1445 1488 1518 osten-

142 1527 349 1575 tationis
383 1524 620 1583 videtur‚
673 1534 725 1572 et
756 1525 995 1573 multum
1025 1524 1088 1574 ab
1118 1525 1216 1574 illo
1247 1526 1488 1593 ,ἐγκωμια-

229 1687 404 1740 Sophiste.
463 1689 586 1726 Guelf.
620 1686 827 1738 Sophifiae,
857 1687 966 1724 solito
989 1702 1128 1736 errore..
1186 1689 1256 1726 Sed
1275 1690 1394 1728 Goth.
1414 1694 1490 1729 Tu..

143 1745 210 1782 ric.
229 1755 268 1781 et
287 1746 370 1782 edd.
398 1757 482 1782 ante
501 1747 689 1782 Stoerium
718 1757 844 1781 ornnes
869 1745 1032 1794 Sophiste
1057 1759 1135 1782 non
1158 1746 1344 1797 Sophifia‚
1385 1750 1489 1797 quod

143 1801 281 1838 habent
302 1804 536 1838 recentiores.
602 1801 766 1838 Praetuli
788 1804 960 1838 Graecam
983 1803 1167 1843 formam,
1197 1817 1282 1840 cum
1307 1806 1488 1842 affectatio

144 1859 324 1908 quaedam
345 1861 388 1895 fit
406 1861 448 1894 in
468 1859 593 1898 latina,
624 1873 643 1894 a
663 1872 735 1907 qua
758 1852 898 1893 alienus
923 1860 992 1906 QU-
1045 1860 1090 1894 cf.
1120 1873 1152 1899 1,
1184 1868 1220 1904 5,
1252 1869 1318 1910 59.

231 1915 460 1964 disjungitur.
517 1916 622 1952 Voff.
651 1929 683 1950 1.
706 1925 741 1959 3.
775 1916 976 1962 dijungitur
1002 1915 1047 1950 cf.
1070 1925 1106 1954 2,
1137 1925 1198 1959 15,
1231 1926 1268 1953 2.

230 1971 326 2008 Nob.
349 1982 396 2007 et.
457 1971 581 2008 Guelf.
614 1972 740 2006 inserit
767 1981 885 2006 autem
917 1984 1001 2006 cum
1025 1971 1140 2007 Goth.
1161 1972 1261 2009 Voss.
1285 1983 1322 2008 2.
1350 1983 1387 2009 et
1406 1973 1489 2010 edd.

147 2037 232 2064 ante
251 2028 441 2063 Stoerium
463 2028 649 2063 omnibus.
708 2027 923 2079 Elegantius
955 2029 1033 2063 [ane
1067 2029 1270 2064 omittitur.
1298 2035 1302 2041 ¹
1435 2022 1438 2025 v

233 2094 327 2120 auct.
347 2085 481 2133 plures.
539 2084 661 2120 Guelf.
682 2095 775 2119 auct.
797 2085 968 2132 plurimos
991 2097 1074 2120 cum
1090 2085 1216 2120 Turio.
1237 2086 1345 2122 Bodl.
1363 2089 1491 2123 Ioann.

149 2140 250 2179 Alm.
280 2142 381 2178 Voss'.
408 2155 440 2176 1.
463 2150 500 2185 5.
531 2141 590 2177 scd
613 2141 796 2179 editione,
826 2150 969 2188 praeter
989 2140 1235 2182 Obrechtum‚
1263 2142 1378 2178 nulla.

233 2197 330 2233 Nam
355 2208 391 2233 et
417 2197 511 2243 ἔγκ.
571 2197 686 2234 Goth.
719 2200 812 2240 (tac.
845 2195 983 2246 Gesn.)
1016 2194 1159 2232 omittit
1188 2195 1256 2233 et.>
1295 2199 1418 2239 Male,
1457 2210 1494 2236 et

151 2251 261 2289 solus.
498 2254 593 2299 ἔγκ.
624 2265 659 2289 et
688 2249 806 2288 ἐπιδ.
836 2254 969 2288 dieunt.
1025 2254 1105 2307 Sed!-
1173 2254 1297 2291 Guelf.
1326 2255 1421 2300 ἒγκ.
1453 2267 1494 2292 ut

148 2303 267 2346 ἔπιδ’.
310 2309 390 2346 Sed.
449 2311 605 2347 Omiffio
633 2309 698 2347 ⁷03
729 2311 850 2345 dicunt
879 2309 971 2345 ferri
1000 2309 1130 2357 possit3
1161 2311 1216 2346 sed
1247 2311 1391 2360 reliqua
1411 2325 1493 2348 mu-

151 2367 243 2402 tatio
265 2369 338 2402 fine
357 2366 469 2402 sensu.
698 2367 860 2401 multum.
917 2366 1090 2404 Jensonio
1119 2371 1158 2401 'et
1188 2368 1378 2404 Locatello
1412 2381 1493 2416 per-

151 2435 278 2472 peram
302 2422 474 2458 dantibus
503 2435 572 2472 pro
601 2422 674 2458 hoc
705 2423 793 2458 nihil
823 2434 939 2457 tamen
974 2424 1049 2467 (ex
1079 2422 1174 2457 male
1206 2424 1396 2461 intellecto
1417 2436 1493 2460 tum

153 2489 327 2527 tanquam
351 2480 574 2528 compendio·
589 2477 654 2515 τοῦ
670 2490 797 2518 tamen,
826 2488 869 2513 ut
892 2478 983 2513 bene
1004 2489 1131 2513 monet
1149 2479 1290 2531 Gesn.)
1316 2481 1494 2516 accedunt

154 2535 248 2574 Ven.
263 2537 369 2574 Rufe.
400 2535 470 2571 Sed
483 2549 617 2573 verum
637 2536 698 2571 dat
707 2537 820 2570 Tarv.
846 2534 891 2569 cf.
914 2534 958 2569 ad
973 2544 1009 2578 5,
1031 2545 1068 2579 5,
1087 2539 1148 2571 1‘2.
1278 2535 1343 2573 illo
1363 2537 1495 2584 ἔγκω-

213 2666 398 2718 Isocrates.
428 2668 587 2706 Librum
607 2668 715 2704 illum
739 2669 799 2705 de·
853 2656 1041 2710 Isocratis,
1072 2671 1147 2707 five
1169 2682 1257 2707 vere
1289 2672 1362 2707 [ive
1394 2670 1493 2707 falso.

160 2725 294 2776 figunt,
323 2725 390 2774 qui
414 2737 551 2762 nomen
572 2725 800 2775 praeferebat
854 2726 937 2762 vid.
963 2736 1000 2766 2,
1035 2734 1096 2772 ²5,
1127 2732 1168 2774 4.
