1656 2990
252 225 327 277 3⁰
584 215 661 260 M.
695 214 825 260 ΕΑΒ.
863 215 1272 274 QUINTILIANI

250 348 311 393 ,et
344 354 371 384 a
403 336 757 402 perfectiss'mio
785 355 994 402 quoque
1033 339 1227 402 optime
1251 341 1486 398 tractam
1507 353 1568 390 ,et

197 423 250 465 24
262 414 520 478 pertinere
555 414 630 461 ad
649 413 903 467 summam
926 412 1249 461 credidisset?
1288 412 1565 480 Fingamus

253 490 417 552 igitur
438 489 788 536 Alexandrum
811 488 921 535 dari
946 490 1096 537 nobis
1119 489 1420 554 impositum
1452 508 1565 556 gre-

252 565 363 612 mio
377 600 391 619 ,
454 563 676 627 dignum
703 571 838 609 tanta
878 580 998 611 cura
1037 563 1313 623 instantem,
1364 569 1564 630 (quan-

254 655 413 702 quam
433 637 491 685 su
500 656 553 692 us
571 639 761 701 cuique
783 638 972 701 dignus
993 637 1104 704 eft‚)
1123 639 1383 702 pudeatne
1396 658 1480 688 me
1504 643 1563 691 in

187 761 189 763 ,
251 712 372 776 ipsis
416 712 583 760 statim
606 713 870 760 elementis
913 714 1066 760 etiam
1113 714 1291 762 brevia
1337 715 1563 768 docendi

249 787 534 836 monstrare
569 787 913 852 compendia?
952 790 1142 852 Neque
1177 791 1316 836 enim
1340 791 1475 839 mihi
1498 791 1563 840 il-

249 862 348 910 lud
371 861 547 910 saltem
561 864 740 927 placet,
763 863 907 927 quod
922 860 1036 910 fieri
1054 865 1111 911 i11
1128 864 1369 928 plurimis
1387 866 1561 927 video,

249 948 310 985 ut
322 939 591 986 literarum
611 940 824 987 nomina
843 948 894 984 et
913 948 1225 996 contextum,
1243 941 1389 1004 prius
1405 958 1562 1005 quam

188 1011 468 1070 25f01·mas‚
506 1014 715 1078 parvuli
739 1011 946 1061 discant.
1021 1013 1194 1061 Obstat
1218 1015 1318 1063 hoc
1340 1017 1559 1079 agnitio-

247 1089 308 1136 ni
344 1105 547 1145 earum,
602 1105 713 1137 non
743 1089 1134 1137 intendentibus
1167 1107 1290 1138 mox
1325 1092 1559 1140 animum

246 1162 314 1210 ad
336 1162 472 1228 ipsos
498 1163 710 1221 ductus,
751 1163 880 1212 dum
902 1163 1287 1212 antecedentem
1312 1167 1559 1213 memori-

249 1254 332 1285 am
365 1237 668 1302 sequuntur.
764 1243 906 1306 Quae
933 1237 1077 1286 causa
1103 1239 1174 1285 est
1198 1241 1557 1305 praecipienti-

244 1314 370 1371 bus,
414 1324 476 1362 ut
512 1316 690 1371 etiam,
739 1331 860 1362 cum
891 1313 1007 1361 satis
1039 1312 1238 1361 affixiffe
1274 1331 1354 1364 eas
1381 1317 1557 1379 pueris

239 1399 383 1438 recto
405 1390 500 1438 illo
514 1425 529 1448 ‚
565 1407 670 1454 quo
693 1390 926 1454 primum
943 1388 1097 1437 scribi
1117 1388 1308 1448 solent,
1348 1400 1615 1443 contex-21

326 1539 533 1590 credidiffet.
601 1539 701 1574 Idem
716 1563 726 1578 ,
755 1539 820 1586 qui
842 1539 977 1576 modo,
1011 1550 1069 1572 me
1089 1539 1298 1578 admonuit,
1336 1540 1555 1591 credidiffene

242 1595 311 1630 effe
333 1595 525 1645 legendum
539 1619 548 1632 ‚
577 1594 712 1641 plurali
734 1606 899 1628 numero.
968 1594 1085 1629 codd.
1109 1594 1254 1640 quidem
1289 1605 1325 1630 et
1344 1595 1423 1630 edd.
1443 1596 1483 1629 in
1502 1607 1556 1630 er-

239 1663 361 1685 rorem
381 1650 618 1686 consentiunt.
687 1649 867 1688 Omiffus,
893 1648 956 1685 vel
975 1649 1145 1688 evanuit,
1171 1650 1212 1684 in
1235 1659 1359 1685 vetere
1379 1651 1555 1700 scriptura

237 1718 332 1754 apex
358 1708 398 1740 in
417 1720 451 1741 e.

294 1834 504 1885 credidiffet.
559 1831 637 1871 vid.
659 1843 735 1870 not.
757 1832 849 1869 Crit.
919 1831 1214 1884 intelligendam,
1243 1832 1367 1870 verbis
1387 1845 1462 1868 non
1491 1846 1556 1868 ex-

301 1890 422 1937 Neque
443 1891 626 1925 em'mmilzi
640 1891 729 1925 illud
733 1889 874 1938 saltem.
919 1890 1090 1936 pressam,
1139 1890 1268 1924 referri
1307 1888 1426 1923 debet.
1500 1890 1554 1924 En

241 1945 374 1980 Saltem
404 1958 487 1980 cum
509 1945 701 1995 negatione
724 1946 875 1992 conjum
917 1943 979 1978 hic
1009 1943 1190 1990 ejusmodi
1221 1944 1296 1979 fere
1327 1946 1388 1978 fit:
1429 1944 1551 1984 Habeo

239 2009 342 2034 ctum
369 2000 466 2047 apud.
497 2001 658 2034 nostrum
694 2001 793 2047 saepe
827 1999 873 2034 est
917 2009 1034 2034 autem
1071 2000 1180 2037 talia,
1229 2013 1316 2048 quae
1356 1997 1550 2047 monstrem.

236 2067 307 2103 Pro
331 2055 582 2104 ne—quiclem
602 2066 641 2090 v.
666 2067 695 2089 c.
717 2054 787 2088 hoc
797 2054 873 2101 ipso
918 2055 1143 2100 compendia,
1196 2068 1276 2088 nam
1312 2054 1404 2089 illud
1424 2051 1550 2102 statim

236 2110 357 2158 capite
385 2111 404 2154 ᾗ
430 2119 493 2153 5¹·
522 2109 546 2144 1.
570 2118 607 2152 5,
634 2122 665 2149 1,
693 2115 729 2152 3.
775 2109 809 2147 6,
835 2119 871 2147 2,
915 2110 1007 2158 mihi-
1026 2109 1187 2157 displicet
1207 2118 1273 2143 cet.

214 2178 303 2213 ··¹9·
343 2165 379 2205 6,
402 2173 439 2212 4,
464 2174 524 2208 15.
564 2178 623 2203 ιο,
643 2175 679 2203 2,
706 2171 765 2207 15.
810 2174 870 2202 12,
1033 2173 1035 2175 ’

242 2233 304 2258 11,
335 2234 395 2255 11.
426 2230 460 2254 et
482 2221 518 2254 in
532 2219 734 2254 Declamm.
758 2220 871 2265 Quin-

235 2274 292 2309 til.
308 2284 343 2317 3.
368 2289 402 2323 p.
428 2274 501 2320 (ed.
526 2276 630 2322 Rip.)
651 2281 716 2320 44.
774 2272 871 2311 „Ne-

234 2343 332 2376 „que
367 2330 430 2364 illa
460 2330 577 2364 libido
601 2329 767 2378 saltem.“
819 2328 869 2362 ib.
967 2327 1223 2360 antecedentem
1244 2328 1451 2360 memoriam.
1481 2325 1544 2358 Fa-

234 2382 870 2433 Decl.5.p.1og.„nechocsaltemse
916 2389 994 2414 teor
1028 2394 1086 2414 me
1123 2381 1267 2414 haerere
1289 2381 1328 2414 in
1360 2379 1543 2427 participii

233 2452 345 2486 quam
366 2440 543 2474 rationem
567 2438 705 2473 facilius
718 2439 872 2484 affeque·
912 2436 1022 2470 sensu.
1080 2437 1177 2481 Quae
1207 2437 1303 2468 enim
1333 2435 1379 2468 est
1409 2433 1552 2469 :intem-e·-

235 2507 332 2533 mur,
362 2495 703 2543 streputaverimus,
732 2494 870 2542 quidem
913 2491 997 2524 dens
1025 2493 1220 2525 memoria?
1249 2490 1371 2526 Vertit
1393 2487 1541 2536 quidem

230 2549 271 2584 iu
297 2564 338 2584 ne
356 2569 405 2577 --
429 2551 566 2598 quidem
586 2550 703 2596 ipsum
726 2548 792 2582 effe
812 2548 867 2581 ni·
911 2545 1130 2591 Gedoynns:
1171 2546 1247 2579 leur
1272 2547 1453 2580 ›me'moiro
1481 2546 1541 2592 qui

227 2603 283 2638 hil
315 2605 416 2640 aliud
448 2605 513 2638 nisi
537 2602 690 2651 saltem,'
732 2604 866 2638 Graece
908 2613 953 2633 va
992 2601 1074 2647 plus
1100 2603 1172 2634 vste
1203 2613 1268 2647 que
1295 2601 1387 2635 leurs
1412 2612 1539 2646 yeuxvg

224 2659 278 2702 γέ.
337 2661 445 2708 Quod
479 2668 599 2693 autem
631 2661 722 2693 enim
745 2658 865 2704 posuit
907 2654 965 2690 sed
987 2667 1095 2701 quam
1110 2665 1204 2689 recte
1230 2664 1285 2689 tot
1306 2654 1414 2690 verba
1435 2653 1539 2688 intel·
1595 2652 1603 2661 '¹

221 2713 259 2751 h.
284 2714 308 2751 l.
343 2715 382 2751 id
400 2715 443 2751 ad
469 2714 680 2752 sententiam
703 2713 862 2759 aliquam
907 2709 1060 2747 lexerit,
1098 2710 1227 2744 nescio.

970 2207 1183 2231 contextum.
1241 2195 1397 2234 Seriem,
1427 2203 1464 2230 et
1484 2205 1553 2243 po·⁴

913 2253 1021 2285 situm
1042 2252 1082 2285 in
1105 2251 1306 2300 alphabeto.
