1656 2990
509 207 964 256 PRAEFATIO.
1308 223 1415 255 xxv

65 352 172 402 que
205 334 351 386 idem
377 353 668 386 nummum
689 335 938 401 cognovi,
978 334 1074 398 qui
1100 348 1419 396 QUINCTI-

61 421 340 477 ῙᾸΛΝυΜ
368 422 708 494 praeferrent.
787 424 875 474 Est
903 425 1050 474 enim
1080 426 1184 476 hoc
1213 442 1416 475 nome-n

60 518 135 567 ita
171 499 426 585 scriptum
460 519 522 568 in
558 516 699 567 fastis
733 518 1050 584 Capitolinis
1100 534 1151 584 p.
1199 512 1418 566 Gruteri

65 621 191 668 295.
239 619 293 662 et
322 610 381 659 in
408 626 636 659 nummo
674 608 820 675 apud
846 610 1094 658 Patinum
1129 608 1221 671 (in
1242 607 1417 656 Fami-

62 699 150 748 liis
169 701 427 750 Romanis
450 717 565 766 pag.
593 704 749 765 188.)
781 701 838 748 in
864 710 1018 764 gente
1039 699 1238 757 Nouia,
1279 715 1417 763 quo-

63 794 187 839 rum
204 799 439 855 utroque
463 792 638 840 utitur
659 789 916 854 Dukerus
938 788 1004 838 ad
1022 790 1139 840 Liv.
1175 807 1190 837 1
1205 827 1219 848 ‚
1252 803 1338 847 50,
1366 803 1416 837 2.

65 879 200 928 dum
237 882 294 930 C.
343 879 586 930 defendit
626 882 683 929 in
726 880 1044 940 hujusmodi
1086 880 1416 931 nominibus.

61 970 235 1019 Patini
275 969 498 1035 quidem
535 968 713 1035 ipsum
752 987 1043 1019 nummum
1084 972 1273 1020 Valens
1322 971 1418 1036 (in

60 1060 297 1110 Familijs
327 1061 585 1110 Romanis
630 1064 690 1110 T.
733 1075 779 1108 2.
823 1078 939 1126 pag.
973 1063 1130 1125 175.)
1172 1061 1231 1108 in
1260 1071 1417 1125 gente

59 1150 246 1200 Nouia
289 1151 504 1200 exhibet
545 1150 805 1218 signatum
835 1149 944 1199 fine
977 1151 1034 1200 C.
1114 1144 1311 1215 Neque
1343 1161 1418 1198 ta·-

58 1256 186 1289 men
217 1240 452 1291 dubium
476 1243 613 1307 quin
641 1243 815 1291 Patini
843 1242 978 1291 ratio
1008 1258 1135 1290 vera
1157 1239 1243 1298 sit,
1284 1251 1334 1288 et
1358 1241 1417 1290 in

57 1331 278 1380 Valente
341 1331 561 1398 infignis
621 1333 858 1382 mandati
924 1333 1131 1398 negotii
1189 1331 1414 1380 incuria.

57 1411 367 1487 Utrumque
407 1425 714 1489 exemplum
765 1422 839 1471 est
881 1425 1061 1472 aetatis
1104 1421 1418 1488 Augusteae,

61 1515 216 1572 eujus
255 1529 356 1579 ego
403 1511 718 1580 scripturam
758 1531 871 1564 non
922 1513 1116 1563 dubito
1158 1511 1419 1563 vetustam

61 1603 326 1668 appellare
359 1615 410 1653 et
438 1604 634 1654 Cascam
665 1621 791 1670 prae
823 1605 1148 1672 Quintiliani
1171 1605 1417 1654 rhetoris.

61 1692 235 1743 Habes
264 1694 439 1753 enini,
478 1705 541 1744 ut
565 1694 671 1745 hoc
695 1705 840 1752 utar,
881 1697 1040 1744 etiam
1071 1710 1419 1745 A1M1L1n1v1

58 1782 119 1831 in
152 1783 330 1849 lapide
361 1786 686 1850 Capitolino.
798 1789 866 1834 Et
902 1785 1157 1835 credibile
1193 1784 1292 1844 est,
1356 1783 1421 1833 fi-

63 1872 196 1937 quid
225 1874 494 1940 lapidibus
527 1876 819 1925 inciderint
847 1877 1155 1925 nummisve
1195 1873 1422 1925 incuffe-

7 1949 14 1956 ⁵
62 1956 175 2012 rint
201 1964 268 2013 ad
291 1953 578 2030 antiquum
597 1982 822 2023 morem,
860 1982 975 2014 non
996 1965 1222 2031 perinde
1254 1966 1313 2014 in
1340 1963 1422 2013 'fa-

62 2052 263 2102 miliari
289 2053 393 2104 usu
416 2052 641 2115 triviss'e,
680 2054 780 2105 nifi
801 2054 941 2104 forte
970 2058 1090 2121 quis
1121 2053 1243 2104 effet
1263 2057 1421 2106 Cato-

65 2142 216 2191 niani
262 2141 504 2195 horroris
555 2144 809 2196 curiosus.
899 2147 1109 2195 Vellem
1158 2144 1421 2195 servatam

63 2229 167 2281 effe
201 2234 464 2300 integram
501 2233 934 2302 inscriptionem,
1003 2253 1168 2302 quam
1205 2236 1420 2284 exhibet

65 2321 341 2374 Reinefius
375 2342 490 2392 pag.
525 2331 679 2389 7154,
727 2344 863 2392 quae
894 2344 1016 2375 cum
1052 2325 1331 2375 referenda
1359 2325 1420 2375 fit

54 2411 138 2462 ‘ad
169 2415 440 2481 Caligulae
472 2425 737 2482 tempora,
802 2414 1098 2483 expreffum
1129 2418 1189 2466 in
1222 2433 1283 2465 ea
1319 2434 1420 2466 no·
1501 2432 1505 2435 ·

69 2519 197 2552 men
237 2507 404 2572 magis
447 2505 642 2555 faceret
686 2506 753 2556 ad
792 2505 1103 2573 scriptorem
1149 2505 1420 2566 nostrum3

74 2593 167 2643 etsi
193 2611 262 2644 ne
289 2595 358 2645 fic
380 2595 604 2663 quidem
627 2596 922 2648 confectam
951 2615 1065 2646 rem
1087 2597 1419 2648 haberemus.

78 2684 182 2736 Sed
211 2686 301 2737 ibi*
330 2682 543 2739 nonnisi
585 2715 651 2728 --
686 2704 765 2740 An
782 2706 814 2740 o
850 2686 1200 2757 conspicitur,
1254 2704 1424 2755 quan-
