1656 2990
263 199 421 232 xxxv1
701 184 1138 231 PRAEFATIO.

271 307 468 359 Consul
495 324 605 356 non
636 305 1049 366 fuerit'creatus,
1097 309 1224 357 alter
1243 301 1415 359 autern
1439 304 1579 360 Con·
1645 313 1647 315 ’

271 396 456 446 sularia
478 396 695 460 quidem
719 409 1018 446 ornamenta
1042 400 1317 462 acceperit,
1369 398 1458 447 secl
1488 416 1579 447 ne-

274 500 377 548 que
402 483 693 548 Augustum
714 484 1018 543 instituerit,
1063 502 1236 550 neque
1259 503 1414 535 verus
1440 489 1581 537 Con·

272 571 354 620 sul
374 569 546 620 fuerit.
628 576 935 639 Quanquam
957 572 1140 620 residet
1166 575 1336 638 aliqua
1360 573 1582 622 difficul-

274 668 346 707 tas
386 660 443 707 in
487 657 594 706 istis
625 658 870 707 Ausonii:
927 656 1208 729 „Caesares
1249 659 1582 710 docebantur“

272 745 361 794 sed
402 747 640 809 ambigua
679 743 881 794 fortasse
921 745 992 794 est
1034 750 1199 797 oratio
1233 765 1261 796 a
1291 747 1585 812 calamistris

272 834 337 882 iis
366 833 559 898 quibus
584 849 697 882 eam
717 833 888 883 inussit
911 831 1171 885 affectator
1199 837 1544 901 eloquentiae.

417 1012 495 1061 Ex
524 1010 766 1076 Hispania
803 1014 1027 1061 Romam
1062 1011 1253 1062 veniffe
1290 1012 1458 1063 fertur
1489 1030 1588 1063 no-

274 1097 375 1154 ster
411 1100 470 1147 in
515 1101 779 1149 Chronico
819 1100 1123 1151 Eusebiano.
1218 1103 1322 1152 Cui
1371 1101 1589 1167 quidem

274 1187 561 1234 narrationi
600 1188 913 1238 Dodwellus
946 1189 1098 1238 docet
1132 1191 1363 1240 multum
1388 1189 1590 1255 ponde-

275 1275 348 1321 ris
367 1272 606 1322 accedere
638 1275 763 1323 inde
787 1276 934 1341 quod
951 1278 1192 1327 videatur
1215 1280 1589 1343 Hieronymus,

277 1361 529 1410 Chronici
551 1364 729 1410 Graeci
749 1365 1001 1428 interpres
1014 1402 1027 1421 ‚
1067 1364 1157 1414 sua
1179 1366 1243 1414 de
1261 1366 1589 1434 Quintiliano

275 1446 487 1497 haufiffe
517 1466 579 1497 ex
614 1448 725 1514 ipso
758 1453 1021 1501 Suetonio.
1098 1457 1287 1502 Monet
1315 1455 1456 1502 enim
1486 1453 1590 1500 hoc

278 1534 464 1583 diserte
490 1539 547 1585 in
568 1537 885 1602 praefatione
910 1542 1080 1604 operis
1099 1541 1411 1590 doctiffimus
1428 1541 1591 1588 eccle-

278 1621 375 1671 fiae
407 1635 567 1689 pater,
607 1627 665 1672 in
692 1627 848 1675 rebus
873 1630 1124 1676 Romanis
1153 1627 1340 1678 auxiffe
1364 1628 1415 1676 se
1440 1645 1590 1692 opus,

278 1712 428 1777 quod.
458 1723 706 1770 verteret,
766 1713 935 1780 Ausum
971 1717 1210 1765 Suetonii
1244 1719 1398 1765 etiarn
1427 1717 1588 1764 libris.

278 1801 385 1852 Jam
407 1799 582 1847 indice
607 1803 777 1864 operis
806 1805 1112 1851 Suetoniani
1143 1804 1209 1851 de
1241 1805 1387 1852 claris
1417 1803 1593 1852 rheto-

279 1888 452 1945 ribus,
505 1890 601 1952 qui
632 1905 744 1937 non
775 1890 964 1952 exiguo
1001 1891 1269 1939 literarum
1311 1890 1592 1940 commodo

277 1973 506 2023 servatus
528 1974 622 2032 est,
661 1993 780 2023 cum
808 1974 968 2038 ipsius
993 1977 1116 2025 libri
1143 1977 1359 2026 nonnisi
1372 1978 1594 2043 paucula

278 2060 567 2126 fragmenta
595 2062 660 2109 ad.
692 2079 789 2111 nos
823 2061 1187 2126 pervenerint,
1237 2066 1340 2116 hoc
1376 2067 1596 2130 inquam

279 2149 455 2197 indice
497 2159 734 2214 apparet,
795 2151 951 2198 etiam
987 2154 1062 2200 M.
1093 2154 1238 2200 Fabii
1281 2153 1594 2220 Quintiliani

281 2238 444 2285 vitam
461 2235 701 2302 scriptam
726 2236 874 2286 fuiss'e
894 2239 952 2286 in
971 2237 1070 2287 isto
1090 2257 1247 2304 opere
1271 2257 1299 2287 a
1317 2241 1596 2305 Tranquil-

282 2324 351 2372 lo,
448 2328 647 2374 Tantus
689 2336 869 2375 auctor
909 2325 1059 2374 facile
1098 2338 1397 2392 praegravat
1440 2327 1597 2392 quid-

283 2411 415 2475 quid
453 2423 630 2460 contra
671 2415 758 2461 vel
799 2431 827 2463 a
868 2415 1243 2463 recentioribus
1282 2411 1477 2463 dieitur
1507 2415 1596 2463 vel

285 2503 580 2560 conjectura
635 2502 835 2564 alioqui
891 2501 1006 2550 satis
1062 2502 1323 2566 probabili
1377 2504 1591 2552 eruitur.

278 2588 414 2639 Non
454 2586 527 2635 est
569 2587 865 2638 audiendus
908 2591 1071 2654 igitur
1116 2606 1413 2655 anonymus
1456 2592 1595 2642 vitae
