1656 2990
281 254 461 311 Lxxxn
711 242 1144 286 PRAEFATIO.

287 365 511 409 orationem
535 364 635 403 Obr.
668 366 780 416 quod
805 374 847 404 et
864 364 947 417 ipse
968 364 1097 404 facere
1121 364 1337 411 debebam,
1373 365 1592 415 nihiimo·

287 440 398 470 ratus
417 432 703 470 auctoritatem
724 430 1050 483 Gueli'erbytani‚
1084 445 1209 485 quem
1226 433 1387 485 appello
1409 432 1460 472 ad
1484 440 1526 483 5,
1548 439 1591 481 55

299 507 354 537 12
385 499 430 537 in
451 505 541 536 not.
567 497 672 537 Crit.

394 606 436 639 2,
473 604 513 646 5,
546 601 590 648 4.
627 595 818 633 alteriue
840 588 982 634 etiam.
1055 596 1197 635 Turic.
1225 596 1315 649 post
1346 596 1422 636 alt.
1454 595 1596 639 inserit

293 675 403 700 error
429 674 524 700 cum
557 661 680 699 Bodl.
714 662 781 698 ed.
813 661 941 699 Andr.
973 661 1078 700 Jenf.
1111 665 1212 710 (tac.
1237 661 1388 711 Gesn.)
1423 670 1465 701 et
1490 663 1596 701 meis

294 736 390 766 ante
419 727 582 778 Gryph.
617 728 826 766 omnibus.
896 729 958 766 Ex
984 740 1065 779 quo
1095 736 1206 766 recte
1238 725 1396 766 efficere
1427 728 1598 767 videtur

292 793 439 832 Bu'rm.
454 793 568 837 alter,
595 799 636 830 ει·
657 792 721 830 ille
736 794 876 831 eciam.
947 794 1057 832 Nam
1079 806 1214 845 neque
1234 793 1390 833 vetusta
1408 794 1490 839 illa,
1524 806 1596 834 ne—

291 872 372 911 que
391 865 553 911 recepta
572 859 693 910 plane
715 855 914 910 procedit.

338 979 339 982 =
396 966 439 1002 2,
478 965 519 1007 5,
553 958 596 996 6.
637 956 816 995 Phidias
851 980 907 987 -—-
944 957 1016 996 illa
1038 966 1175 996 aut-em
1193 958 1364 1010 quaein
1385 971 1597 997 ornamen-

294 1030 397 1069 tum.
497 1021 747 1064 Obversatus
775 1022 901 1062 Fabio
934 1025 1102 1062 videtur
1131 1025 1248 1063 locus
1281 1023 1500 1079 Ciceronis>
1530 1025 1595 1063 De

294 1086 370 1127 Or.
398 1098 439 1133 2,
483 1098 536 1137 17
569 1098 671 1128 extr.
742 1090 780 1127 Is
801 1098 958 1134 autem,
993 1099 1150 1142 praeter
1175 1090 1322 1127 miram
1354 1099 1395 1129 et
1421 1089 1596 1129 nimiam

292 1164 426 1205 paene
457 1155 817 1199 convenientiam,
862 1169 965 1206 quae
986 1156 1042 1195 est
1064 1158 1103 1194 ei
1125 1169 1219 1194 cum
1243 1156 1426 1207 proximi
1453 1157 1596 1207 capitio

294 1220 578 1265 conclufione,
631 1220 755 1260 habet
785 1220 1094 1267 difficultatem,
1148 1234 1271 1273 quam
1309 1235 1396 1260 non
1428 1222 1596 1260 videtur

292 1283 484 1326 sustuliffe
497 1287 704 1332 Ernestus,
738 1287 809 1326 etfi
830 1287 1024 1339 probatus
1036 1286 1360 1338 VVyttenbachio
1381 1287 1429 1327 V.
1444 1286 1594 1327 Celeb.

291 1351 338 1389 in
359 1351 459 1392 bibl.
484 1353 587 1392 Crit.
622 1353 715 1392 vol.
747 1367 783 1392 1.
819 1367 860 1405 p.
892 1366 962 1404 19.
1034 1353 1179 1392 Noster
1199 1351 1303 1391 infra
1330 1357 1391 1404 (Ω,
1429 1365 1498 1404 19·
1533 1354 1596 1403 3.)

292 1415 497 1458 Praxitele
525 1420 656 1457 utitur
688 1420 904 1471 exemplo,
952 1433 1034 1472 quo
1059 1422 1102 1458 in
1130 1420 1222 1458 loco
1254 1419 1378 1458 verba
1403 1417 1488 1458 fere
1512 1418 1593 1464 illa,

290 1496 393 1535 quae
416 1483 508 1523 sunt
527 1483 831 1537 impeditissima
854 1487 957 1538 apud
982 1487 1230 1525 Ciceronem
1255 1487 1338 1536 (De
1353 1486 1426 1526 Or.
1451 1495 1492 1531 2,
1519 1485 1596 1535 17)

289 1549 423 1595 „illud
440 1550 545 1590 idem
567 1546 758 1608 artifex“
786 1550 877 1591 satis
902 1562 994 1604 apte
1017 1560 1246 1604 ponuntur.

390 1646 433 1681 2,
467 1641 510 1688 4,
546 1647 587 1676 ρ.
635 1638 867 1687 accepimus
888 1632 1060 1695 species.
1128 1637 1270 1676 Turic.
1293 1623 1430 1676 Gi1elf.
1457 1636 1587 1676 Goth.

291 1699 386 1755 (tac.
411 1701 554 1750 Gesn.)
575 1703 797 1755 accipimus
805 1698 876 1762 sp.
915 1717 1010 1742 cum
1033 1703 1128 1742 edd,
1146 1704 1249 1740 meis
1270 1716 1291 1740 a
1308 1703 1468 1754 Gryph.
1491 1703 1591 1755 inde

290 1780 421 1819 usque
439 1769 489 1809 ad
512 1767 633 1808 Gesn.
657 1770 727 1820 qui
750 1783 800 1809 ex
818 1778 921 1811 vett,
943 1769 1211 1821 praeteritum
1235 1770 1462 1807 revocavit.
1524 1769 1592 1806 Vi·

291 1833 413 1872 detur
435 1835 569 1886 aptius
597 1833 798 1887 praesens,
827 1836 922 1887 quia
942 1836 1187 1890 significatur
1205 1843 1366 1886 recepta
1388 1835 1497 1873 inter
1516 1833 1592 1873 ho-

289 1900 426 1939 mines
446 1901 591 1939 divifio
615 1903 920 1945 narrationum,
956 1914 1043 1940 non
1073 1914 1140 1945 ea,
1179 1913 1303 1952 quam
1320 1901 1364 1938 in
1383 1899 1592 1952 prioribus

224 1967 226 1971 ‘
289 1964 461 2017 scriptor
487 1966 571 2019 ipse
601 1965 767 2012 fecerit,
813 1980 896 2018 quo
934 1965 1058 2019 poffit
1092 1966 1294 2005 deducere
1323 1967 1592 2018 praeteritum

290 2030 374 2070 hoc
392 2031 485 2071 loco
505 2033 698 2084 positum.
770 2032 917 2084 Neque
942 2033 1070 2071 obstat
1089 2046 1189 2071 mox
1216 2045 1460 2084 comparens
1481 2031 1591 2070 cledi-

289 2110 394 2142 mus,
430 2099 545 2150 quod
563 2099 730 2151 proprie
760 2099 811 2137 de
841 2098 878 2137 fe
906 2100 1007 2137 dicit
1033 2098 1254 2151 respiciens
1278 2099 1328 2136 ad
1357 2112 1394 2144 1,
1431 2106 1474 2148 8,
1515 2105 1586 2147 ¹8·

296 2176 311 2200 1
331 2193 344 2214 ,
381 2175 434 2218 9,
467 2174 510 2203 2.
549 2165 592 2204 6.
662 2165 884 2204 Peculiaris
914 2174 1054 2204 autem
1083 2165 1316 2216 argumenti
1343 2165 1590 2218 significatus

285 2229 332 2267 in
362 2228 406 2270 h.
437 2229 466 2270 l.
503 2231 721 2271 invenitur
748 2232 874 2270 etiam
908 2232 1018 2284 apud
1057 2230 1306 2270 Ciceronem
1338 2230 1389 2268 de
1418 2230 1513 2270 Inv.
1549 2243 1587 2275 ι,

289 2307 303 2331 ,ἰ
316 2306 359 2344 9.

387 2390 427 2425 2,
464 2381 507 2426 6,
546 2391 589 2422 2.
625 2390 667 2421 et
685 2380 774 2422 ideo
794 2391 997 2422 neutrum.
1064 2380 1186 2426 „Effl‘
1206 2379 1299 2424 hoc,
1321 2388 1587 2432 natumepo-

282 2444 431 2485 strenio
459 2459 533 2492 eo,
583 2449 697 2501 quod
733 2449 959 2493 antecedit,
1012 2455 1251 2499 utrumque,
1303 2445 1585 2496 abjiciendum

279 2512 404 2550 duco.
1328 2524 1330 2527 ’

380 2606 431 2641 2,
469 2603 518 2645 8,
559 2607 602 2644 7.
637 2593 856 2656 sacrorum
877 2599 1162 2638 certaminum.
1230 2595 1350 2660 Adde
1369 2596 1420 2636 ad
1438 2604 1584 2636 notam

277 2674 364 2701 exa
404 2662 642 2704 certamina
674 2664 797 2716 sacra.
836 2665 949 2706 nulla
975 2665 1057 2705 loci
1084 2664 1340 2716 temporisve
1367 2675 1451 2715 quo
1470 2663 1581 2702 insti-
