1656 2990
203 452 282 502 M.
335 451 594 500 FABII
656 449 1323 520 QUINTILIANI

720 578 795 611 IN

348 668 1166 728 ORATORIAE

85 800 1431 877 INSTITUTIONIS

502 942 506 946 “
537 935 813 997 LIBROS
871 953 970 996 ΧΗ

193 1074 267 1112 ΑΒ
306 1070 637 1112 MARCELLUM
664 1063 959 1115 VI'CTORIUM
987 1075 1319 1114 PROOEMIUM.

43 1205 230 1295 4Post
254 1243 585 1309 impetratam
610 1241 797 1293 studiis
819 1245 950 1293 meis
985 1245 1222 1309 quietem
1238 1283 1252 1302 ‚
1291 1261 1426 1309 quae

43 1335 176 1387 5per
202 1321 396 1386 viginti
415 1338 580 1370 annos
596 1321 904 1370 erudiendis
921 1322 1207 1378 iuvenibus
1221 1323 1428 1387 impen-

81 1397 290 1456 deram,
330 1415 452 1447 cum
474 1415 501 1446 a
522 1415 605 1446 me
635 1398 855 1463 quidam
882 1397 1214 1447 familiariter
1243 1398 1423 1465 postu·

75 1475 269 1532 latent,
309 1485 371 1524 ut
408 1475 614 1540 aliquid.
643 1475 708 1523 de
732 1477 936 1526 ratione
967 1476 1184 1524 dicendi
1205 1494 1421 1541 compo-

74 1568 282 1610 nerem,
327 1550 425 1601 diu
457 1551 575 1601 sum
607 1553 860 1618 equidem
898 1555 1209 1603 reluctatus:
1271 1553 1419 1618 quod

74 1639 312 1680 auctores
360 1631 642 1695 utriusque
694 1631 908 1696 linguae
961 1630 1257 1680 clarissimos
1308 1649 1418 1680 non

128 1763 280 1810 quietem
300 1774 401 1810 quae.
463 1764 614 1811 quietem
634 1775 750 1811 quam.
810 1763 925 1799 Goth.
957 1773 1103 1799 tacente
1132 1762 1316 1804 Geshero,
1359 1763 1417 1800 sed

75 1817 198 1854 Guelf.
222 1827 319 1852 recte
339 1831 440 1867 quae.

131 1930 192 1966 Ad
244 1930 466 1966 Marcellum
509 1929 717 1966 Victoriam.

74 1985 136 2022 Ad
152 1985 253 2021 hunc
271 1986 471 2035 Epistolam
496 1987 631 2035 scripsit
645 1990 720 2022 Sta-

74 2043 151 2078 tius
184 2041 287 2090 Sylv.
323 2041 349 2076 l.
373 2050 411 2089 4.
448 2055 559 2077 carm.
585 2050 622 2090 4.
654 2044 721 2091 qui

73 2108 112 2135 et
131 2099 250 2147 ipsum
273 2111 359 2132 eum
379 2099 567 2146 sylvarum
580 2099 719 2135 librum

35 2178 38 2181 <
71 2155 107 2190 ei
131 2153 336 2194 dedicavit,
366 2156 593 2203 praefatione
615 2156 722 2204 pede-

54 2210 145 2247 stri.
215 2211 343 2248 Dircas
368 2224 387 2246 e
411 2213 572 2247 carmine
595 2213 724 2248 Statia-

66 2279 139 2307 no,
168 2279 257 2303 eum
306 2267 536 2316 eloquentiae
572 2270 722 2304 forensis

66 2322 177 2360 laude
200 2322 339 2358 clarum
362 2325 479 2365 fuiffe,
513 2326 716 2376 gratiosum

67 2379 167 2429 apud
186 2380 448 2423 Domitianum
461 2407 471 2420 ‚
499 2383 717 2433 magnisque

67 2435 177 2471 rebus
205 2436 394 2488 gerendis,
427 2439 539 2473 etiam
563 2438 715 2477 bellicis,

25 2522 28 2526 .
66 2503 260 2542 paratum3
289 2502 338 2532 et,
361 2507 445 2529 cum
469 2495 542 2543 ipse
563 2496 713 2541 juvenis

69 2549 155 2583 effet
178 2549 214 2583 h.
241 2562 271 2583 e.
295 2562 434 2585 annum
463 2559 514 2595 35
543 2552 711 2586 nondum

27 2603 31 2609 “
70 2605 334 2656 supergress'us,
383 2607 546 2642 habuisse
581 2607 714 2647 filium,

45 2666 53 2675 ’
73 2673 119 2695 ex
153 2663 326 2712 generosa
357 2676 478 2698 uxore
501 2665 716 2712 susceptum,

70 2718 223 2756 nomine
244 2717 404 2760 Gallum,
435 2722 513 2769 qui,
535 2721 633 2770 patri
645 2720 718 2757 val-

765 1930 810 1966 de
839 1930 1015 1972 dilectus,
1047 1931 1200 1983 ingenio
1230 1940 1266 1966 et
1288 1930 1416 1967 favore

765 1989 945 2036 principis
975 1989 1020 2023 ad
1057 1990 1219 2024 summos
1245 2000 1414 2036 quosque

766 2044 928 2079 honores
952 2046 1070 2093 poffet
1088 2045 1256 2094 aspirare.

822 2115 886 2149 per
910 2104 1038 2149 viginti
1057 2116 1181 2137 annos.
1237 2100 1413 2149 Expressa

767 2158 843 2193 fuit
873 2158 994 2193 omnis
1018 2158 1106 2193 haec
1127 2157 1224 2193 ratio
1248 2159 1413 2192 muueris

766 2215 931 2249 doctoris
955 2214 1109 2262 publici,
1138 2214 1258 2263 qualis
1270 2215 1413 2262 primus

765 2272 840 2306 fuit.
867 2270 1008 2310 noster,
1049 2271 1094 2305 ad
1132 2270 1412 2306 similitudinem

764 2328 1053 2376 stipendiorum;
1085 2338 1129 2362 ut
1160 2326 1239 2376 post
1269 2327 1411 2378 viginti

761 2384 937 2432 stipendia
961 2383 1139 2423 docendi,
1171 2385 1259 2418 ficut
1267 2384 1344 2432 post
1357 2393 1412 2418 to-

762 2440 878 2475 tidem
899 2439 1074 2475 militaria
1087 2466 1097 2480 ,
1127 2439 1331 2475 mistionem
1346 2440 1412 2475 ho-

759 2497 894 2531 nestam
943 2497 1186 2545 impetrarent
1226 2496 1409 2536 doctores,

759 2553 828 2600 qui
853 2565 933 2588 mos
959 2554 1000 2588 iu
1025 2553 1144 2605 legem
1167 2553 1270 2588 abiit.
1327 2553 1408 2588 vid.

759 2610 956 2648 Justiniaui
982 2610 1075 2646 cod.
1106 2620 1165 2648 12,
1195 2618 1256 2653 15.

819 2669 1003 2716 utriusque
1038 2668 1194 2714 linguae.
1254 2666 1408 2705 „Docte

761 2723 946 2759 sermones
1001 2726 1181 2774 utriusque
1223 2723 1408 2772 linguae.“
