1656 2990
275 238 371 293 468
583 235 655 279 Μ.
691 236 822 279 FAB.
857 235 1265 295 QUINTILIANI

275 358 366 407 An
409 360 664 405 tormentis
704 356 1037 404 credendum?
1118 352 1350 423 Testibus
1369 362 1372 367 ‘
1389 375 1456 406 cm
1498 375 1583 407 ar-

274 435 526 500 gumentis
556 431 719 494 major
740 430 881 500 fides
919 429 1182 478 habenda?
1225 419 1364 500 Nam
1385 432 1584 501 finitio-

276 524 337 554 ne
379 506 595 570 quidem
636 506 1010 571 comprehendi
1047 507 1184 553 nihil
1223 523 1334 554 non
1371 509 1429 555 in
1463 509 1585 556 uni-

219 580 513 638 nversum,
554 593 753 630 certum
777 583 886 628 erit.
966 581 1191 648 Quidam
1217 591 1402 645 putant
1430 583 1585 630 etiam

276 673 357 703 eas
396 655 534 720 posse
571 653 730 726 tlzeses
773 656 1054 720 aliquando
1102 657 1394 719 nominari,
1453 673 1586 720 quae

275 731 506 795 personis
548 731 808 794 causisque
852 733 1241 801 contineantur,
1301 731 1449 778 aliter
1476 742 1585 779 tan—

275 805 553 855 tummodo
586 805 796 871 positas:
846 817 908 854 ut
940 805 1089 854 causa·
1114 805 1200 863 fit,
1237 823 1346 853 cum
1381 802 1586 874 Orestes

276 878 570 951 accusatur.-
624 880 798 929 Thefis
814 918 827 938 ,
872 882 964 931 An
1001 877 1206 948 Orestes
1243 891 1372 928 recte
1390 877 1468 951 sit
1497 879 1584 928 ab·-

262 952 481 1027 solutus.
528 959 676 1016 cujus
695 958 895 1020 generis
923 955 1008 1013 est,
1047 974 1114 1003 an
1134 957 1260 1004 Cato
1282 965 1413 1003 recte
1435 958 1584 1007 Mae-

277 1035 403 1078 ciam
423 1028 696 1101 Hortensio
729 1033 1008 1079 tradiderit.
1087 1033 1157 1079 Hi
1189 1030 1355 1078 thesin
1385 1048 1413 1077 a
1441 1029 1585 1078 causa

278 1106 344 1153 sic
380 1105 736 1172 distinguunt,
793 1118 853 1155 ut
889 1109 979 1154 illa
1021 1106 1081 1154 fit
1101 1102 1428 1176 spectativae
1470 1122 1586 1170 par-

357 1276 600 1323 comprehemli
618 1276 705 1311 nihil
723 1289 803 1310 non.
855 1278 908 1310 Ita
934 1275 1040 1324 plane
1061 1275 1181 1311 Guelf.
1205 1285 1241 1309 et
1261 1275 1372 1310 Goth.
1401 1285 1485 1309 cum
1512 1277 1587 1310 Tu-

276 1330 341 1364 rio.
365 1331 429 1364 nifi
451 1331 551 1376 quod
583 1331 643 1364 hic
665 1331 863 1378 comprendi
890 1331 962 1366 dat.
1032 1330 1214 1366 Credibile
1233 1330 1279 1364 est
1298 1331 1404 1364 etiam
1422 1329 1584 1377 reliquos

279 1385 395 1419 codd.
423 1386 519 1419 idem
550 1386 750 1432 praeferre,
787 1386 885 1431 quod
917 1387 956 1419 in
986 1385 1141 1421 Valle-nli
1170 1385 1298 1419 diserte
1325 1395 1587 1420 commemorat

275 1440 424 1474 Badius.
480 1440 572 1474 Edd.
594 1440 742 1487 quidem
764 1450 844 1474 ante
866 1440 948 1474 Ald.
971 1452 1106 1478 omnes,
1137 1450 1178 1473 ut
1197 1448 1232 1473 et
1248 1440 1342 1476 Jens.
1362 1444 1445 1484 (tac.
1459 1441 1585 1483 Gesn.)

276 1495 590 1541 comprehendendi
611 1495 707 1532 nihil,
739 1494 870 1540 absque
888 1508 968 1533 non,
997 1495 1094 1541 quod
1116 1495 1330 1539 conjectura,
1358 1507 1403 1528 an
1422 1507 1469 1529 ex
1482 1495 1586 1533 Cod..

276 1550 427 1583 inseruit
450 1550 606 1599 Regium
645 1549 847 1583 rectissime.
898 1549 1001 1584 Alter
1030 1561 1130 1583 error
1149 1561 1194 1583 ne
1219 1549 1380 1600 tangitur
1401 1549 1548 1598 quidem
1568 1563 1589 1584 a

275 1604 405 1655 Regio,
429 1605 486 1638 sed
508 1603 630 1638 scribit
646 1604 719 1652 ipse
738 1604 778 1638 in
797 1613 882 1639 nota
903 1604 1156 1652 comprehendi.

325 1747 505 1794 finitione.
563 1749 658 1782 Item
698 1746 908 1783 rhetoribus

277 1801 464 1850 appellata.
522 1802 567 1836 cf.
589 1811 625 1844 3,
648 1802 684 1841 6,
706 1811 742 1845 5.

339 1859 426 1892 Cato
445 1876 500 1883 —·
519 1858 714 1892 tradiderit.
757 1860 798 1904 Q.
813 1859 909 1892 lior-

281 1914 424 1950 tenfius,
455 1912 591 1945 nimius
625 1922 660 1946 et
688 1924 802 1960 prope
822 1913 909 1947 insa-

281 1968 384 2001 niens
413 1967 453 2000 in
481 1966 716 2002 admiratione
748 1968 907 2006 Catonis,

281 2034 364 2056 curn
394 2022 521 2055 frustra
548 2034 594 2055 ex
624 2035 666 2056 eo
695 2023 848 2070 petiisset
869 2031 911 2056 ut

280 2077 445 2111 Porciam
485 2076 618 2116 filiam,
674 2077 808 2112 Bibulo
845 2090 912 2111 nu-

278 2142 392 2179 ptam,
419 2131 583 2166 divortio
603 2133 711 2170 facto,
744 2133 808 2167 fibi
829 2145 912 2166 cou-

279 2187 441 2225 cederet,
477 2188 580 2221 ansus
609 2187 656 2220 est
684 2187 794 2234 ipsius
818 2200 911 2222 uxo-

278 2254 355 2276 rem
379 2242 565 2280 Marciam,
600 2241 758 2289 Philippi
784 2242 907 2281 filiam,

276 2297 342 2331 fibi
362 2296 572 2330 tradendam
590 2309 730 2347 rogare,
762 2309 842 2330 cnm
854 2298 906 2332 sas

277 2353 344 2386 ess‘e
363 2361 522 2401 negaret,
551 2351 701 2386 Catonis
713 2351 821 2385 illum
835 2353 906 2386 san-

275 2407 437 2456 guinem,
465 2406 547 2454 plus
561 2418 668 2452 quam
690 2407 904 2444 humanum,

276 2474 347 2494 nna
366 2461 548 2495 contineri
565 2461 689 2499 domo,
715 2474 823 2509 quam
837 2463 905 2496 sae-

276 2519 357 2562 pius
388 2515 563 2563 pariendo
595 2516 639 2551 ad
668 2518 723 2550 rei
753 2516 904 2550 tenuita-

276 2582 348 2605 tem
397 2572 481 2605 esset
527 2571 716 2605 redactura
754 2572 903 2610 Marcia,

275 2639 357 2660 cum
396 2625 459 2660 fibi
498 2626 658 2659 concessa
685 2628 782 2661 suam
819 2627 904 2660 esset

272 2690 418 2730 gentem
443 2681 641 2716 Catoniana
668 2683 807 2715 virtute
835 2683 905 2715 im-

274 2735 420 2770 butum.
477 2737 607 2782 Neque
623 2745 697 2769 tam
715 2746 904 2784 portento-

964 1749 1014 1783 sas
1042 1760 1163 1795 preces
1194 1747 1372 1782 aversatus
1406 1745 1453 1780 est
1485 1747 1589 1784 Cato,

964 1803 1021 1837 scd
1040 1802 1202 1837 consulto
1221 1812 1321 1849 patre
1340 1801 1509 1848 Philippo
1531 1813 1589 1835 eo-

963 1871 1035 1905 que
1053 1857 1306 1896 consentiente,
1333 1868 1500 1895 uxorem,
1526 1855 1589 1890 fibi

964 1925 1183 1962 magnopere
1211 1911 1376 1946 dilectam
1412 1920 1448 1945 et
1484 1924 1528 1945 ex
1557 1912 1590 1945 se

965 1968 1208 2002 cummaxime
1221 1966 1422 2017 gravidam,
1443 1966 1589 2013 despon-

965 2022 1021 2057 dit
1040 2024 1243 2060 Hortenfio,
1272 2033 1347 2068 quo
1368 2031 1516 2055 mortuo
1536 2033 1591 2054 re-

965 2077 1034 2111 diit
1055 2077 1097 2112 ad
1120 2079 1304 2113 Catonem.
1360 2075 1588 2111 vid.Lucan.

966 2142 1003 2170 2,
1026 2138 1102 2178 540
1123 2133 1215 2178 seqq.
1244 2132 1286 2166 it.
1299 2130 1483 2167 Fluit-Cat.
1497 2132 1586 2165 min.

964 2200 1001 2235 p.
1033 2198 1123 2230 771.
1163 2187 1361 2222 Conferant
1391 2187 1526 2220 tirones
1552 2195 1588 2220 et

961 2243 1126 2276 Freinsh.
1155 2243 1194 2275 in
1227 2240 1355 2288 Suppl.
1382 2242 1468 2276 Liv.
1497 2246 1585 2286 114,

961 2306 1026 2340 57.
1069 2307 1104 2331 et
1135 2295 1398 2331 Schrockhium
1428 2297 1474 2333 V.
1507 2295 1584 2331 Cel.

959 2353 998 2385 in
1011 2351 1224 2402 biographia
1242 2353 1288 2389 V.
1301 2359 1335 2393 3.
1350 2363 1387 2398 p.
1405 2358 1478 2397 ²54
1490 2352 1584 2396 seqq.

959 2407 1147 2443 Vcrissime
1186 2408 1373 2443 Lucanus,
1417 2406 1457 2439 in
1493 2405 1586 2439 hanc

957 2461 1069 2509 ipsam
1091 2474 1180 2499 rem,
1207 2460 1251 2494 de
1272 2462 1430 2495 Catone:
1468 2459 1586 2499 „Urbi
1635 2502 1638 2505 ψ

958 2527 1084 2563 „pater
1113 2516 1179 2555 est,
1219 2515 1374 2562 urbique
1396 2516 1586 2549 marituss·

957 2570 982 2605 l.
1004 2584 1032 2604 c·
1054 2555 1208 2615 v·⁴*088·
1238 2573 1329 2605 Rem
1351 2570 1487 2604 iterum
1509 2569 1585 2604 tzin-

957 2627 1014 2676 git
1034 2627 1149 2660 noster
1174 2638 1234 2664 10,
1256 2633 1292 2667 5,
1320 2634 1381 2668 15.

1006 2680 1226 2729 spectativae
1239 2699 1292 2707 —·
1311 2682 1459 2714 activae.
1489 2679 1534 2713 cf.
1548 2688 1584 2719 2,

964 2746 1024 2779 17,
1046 2742 1095 2782 42
1118 2736 1159 2769 it.
1182 2748 1211 2769 c.
1238 2741 1298 2779 13.
1326 2747 1357 2768 1.
1381 2741 1419 2777 5.
