1656 2990
291 276 388 328 548
602 250 674 312 M.
709 268 842 314 FAB.
884 268 1296 328 QUINTILIANI

292 401 506 440 naturae
551 388 943 438 venerabimur:
998 389 1187 438 deinde
1233 391 1444 455 proprie
1475 394 1601 440 vim

295 471 574 528 cuiusque,
605 474 655 511 et
681 465 921 522 inventa,
960 480 1092 529 quae
1121 465 1252 513 utile
1282 465 1483 529 aliquid
1506 467 1601 516 ho-

262 540 530 596 aminibus
557 539 852 587 attulerunt.
962 541 1049 588 Vis
1082 539 1400 598 ostenditur,
1453 550 1514 588 ut
1546 542 1604 588 in

293 619 436 671 Jove,
468 612 816 677 regendorum
839 615 1103 673 on1nium;
1141 617 1200 663 in
1221 618 1414 673 Marte,
1453 615 1579 663 belli
1589 631 1605 673 ;·

292 691 352 738 in
378 691 663 754 Neptuno,
700 690 878 737 maris:
928 691 1165 747 inventa,
1204 700 1265 738 ut
1293 692 1507 748 artium,
1543 691 1603 738 in

291 766 562 822 Minerva;
610 765 909 821 Mercurio,
957 765 1248 823 literarum3
1299 761 1601 822 medicinae,

295 840 541 903 Apolline
551 857 565 896 ;
627 840 838 896 Cerere,
900 838 1142 903 frugum;
1197 840 1414 897 Libero,
1471 841 1599 888 vini.

295 918 454 971 Tum,
485 913 523 961 fi
544 930 647 976 qua
665 915 726 962 ab
750 915 812 961 iis
836 924 943 962 acta
962 913 1183 963 vetustas
1204 915 1432 972 tradidit,
1463 931 1604 963 com-

297 989 644 1038 memoranda.
738 988 954 1037 Addunt
1001 991 1155 1038 etiam
1203 989 1303 1038 diis
1345 990 1603 1039 honorem

295 1075 556 1129 parentes,
599 1074 659 1112 ut
684 1061 719 1111 sl
743 1066 861 1127 quis
888 1062 946 1110 fit
973 1062 1112 1113 filius
1136 1067 1301 1117 Jovis:
1341 1060 1487 1112 addit
1515 1081 1605 1112 an·
1640 1062 1643 1063 ⁷

294 1141 531 1203 fiqustas,
569 1149 630 1187 ut
656 1140 746 1196 iis,
784 1140 877 1201 qui
899 1138 1020 1188 sunt
1041 1157 1102 1186 ex
1121 1140 1290 1198 Cl1a03
1328 1141 1602 1204 progenies

269 1229 534 1278 9quoque,
567 1224 630 1260 ut
651 1214 840 1278 Apollo
875 1230 930 1261 ac
960 1216 1126 1262 Diana
1151 1205 1390 1264 Latonae.
1466 1218 1602 1263 Lau-

294 1289 528 1337 dandum
554 1290 611 1335 in
633 1288 972 1351 quibusdam,
1022 1289 1169 1352 quod
1194 1287 1357 1353 geniti
1385 1290 1601 1338 immor-

295 1365 441 1422 tale53
503 1364 562 1412 in
593 1362 930 1427 quibusdam,
983 1364 1131 1427 quod
1161 1365 1601 1413 inmortalitatem

377 1532 530 1578 proprie.
588 1532 643 1565 Ita
663 1528 783 1566 Guelf.
812 1529 936 1565 Turic-
970 1529 1063 1573 (nifi
1089 1528 1189 1578 quod
1215 1532 1408 1579 propriae)
1435 1529 1533 1566 Alm.
1565 1541 1601 1567 et

293 1584 382 1621 Aldi
413 1595 575 1632 utraque.
635 1585 777 1624 Ceteri,
817 1594 859 1620 ut
892 1585 1017 1623 Germ,
1054 1587 1244 1632 propriam.
1300 1585 1370 1620 Sed
1397 1587 1524 1621 Burm.
1559 1587 1599 1620 in

294 1638 389 1676 Add.
409 1650 445 1675 et
462 1640 503 1674 ad
523 1638 685 1675 Declam.
710 1650 770 1679 12.
803 1649 839 1683 5.
876 1639 965 1673 item
989 1641 1093 1675 Gesn.
1114 1641 1155 1674 in
1172 1636 1266 1676 Add.
1283 1639 1428 1676 suadent
1443 1640 1600 1676 nostram

291 1695 529 1743 scripturam,
565 1707 656 1742 quae
684 1694 787 1729 facile
815 1693 1036 1744 intelligitur
1063 1706 1162 1729 vera.

375 1751 458 1798 aliq.
486 1750 576 1785 hom·
594 1751 799 1785 attulerunt.
857 1749 1016 1796 Reposui
1033 1748 1276 1784 indicativum
1298 1749 1339 1784 in
1358 1760 1425 1786 att.
1445 1763 1466 1786 e
1478 1750 1597 1787 Guelf.

294 1804 407 1840 Goth.
430 1805 528 1842 Voss‘.
555 1818 587 1839 1.
612 1814 648 1839 et
668 1804 749 1839 edd.
771 1814 852 1838 ante
871 1805 1054 1838 Stoerium
1074 1804 1165 1839 meis
1185 1803 1367 1839 omnibus.
1423 1806 1497 1840 Hic
1515 1818 1597 1841 cum

295 1869 446 1894 recentt.
469 1860 663 1895 attulerint.
719 1860 798 1895 Nec
826 1858 956 1893 dubito
985 1859 1076 1906 quin
1096 1859 1147 1898 ii,
1186 1860 1251 1906 qui
1281 1858 1448 1905 mentm,
1480 1861 1596 1897 Codd.

295 1913 540 1964 negligentius
567 1914 604 1948 h.
626 1913 651 1948 l.
679 1916 746 1948 fint
773 1913 906 1948 collati.
963 1913 1121 1952 Videtur
1149 1913 1368 1950 hodiernum
1389 1926 1529 1950 morem
1549 1928 1599 1950 re*-

296 1969 419 2004 dolere
441 1969 698 2015 conjunctivus
726 1981 771 2003 ex
800 1968 947 2015 obliqua
972 1970 1110 2003 ratione
1134 1970 1327 2016 repetitus,
1358 1970 1398 2003 in
1424 1982 1462 2004 re
1489 1971 1598 2005 nimis

297 2035 404 2059 certa.
710 2023 851 2070 regend.
884 2026 1045 2058 omnium.
1115 2024 1224 2058 Goth.
1254 2025 1395 2071 regend.
1425 2026 1598 2060 hominum

296 2089 382 2114 curn
409 2081 534 2113 Ioann.
560 2077 658 2116 Voss'.
690 2092 723 2112 1.
752 2087 789 2111 2.
819 2086 855 2112 et
883 2078 962 2112 edd.
991 2089 1072 2113 ante
1101 2078 1285 2113 Stoerium
1314 2079 1424 2118 meis,
1459 2088 1598 2127 praeter

294 2134 400 2173 Ald.‚
430 2133 624 2172 omnibus,
652 2132 756 2167 solito
785 2144 925 2173 errore3
965 2146 1047 2167 nam
1076 2134 1155 2168 ratis
1182 2134 1361 2168 firmatam
1386 2143 1478 2180 puto
1505 2147 1598 2171 rece·

293 2198 395 2236 ptam
416 2187 624 2223 auctoribus
647 2187 767 2222 Guelf.
789 2187 913 2222 Turic.
937 2187 1034 2224 Alm.
1063 2187 1167 2222 Bodl.
1198 2187 1276 2222 Bal.
1306 2189 1404 2227 Voss'.
1429 2197 1465 2232 5.
1487 2191 1594 2224 Rern.

295 2245 434 2283 Verum
455 2253 574 2277 tamen
594 2252 685 2290 puto
706 2242 803 2289 quod
826 2242 906 2276 edd.
926 2252 1008 2277 ante
1027 2244 1208 2277 Stoerium
1227 2255 1329 2277 meae
1347 2243 1432 2278 dant
1452 2254 1594 2279 omnes:
1611 2278 1616 2286 ς

293 2299 530 2346 regundorum
555 2310 623 2345 pro
643 2298 783 2344 regeml.
814 2309 1018 2344 quanquam
1037 2311 1057 2331 e
1078 2297 1192 2334 Codd.
1212 2297 1308 2332 nihil
1327 2298 1486 2333 affertur.
1628 2324 1634 2326 -

378 2354 470 2402 Tum
488 2354 526 2399 fi
553 2367 633 2401 qua.
690 2352 811 2386 Turic.
835 2361 871 2386 et
894 2351 990 2386 Alm.
1027 2353 1162 2398 Itemfi
1183 2367 1215 2401 q.
1271 2354 1405 2387 Utrum
1435 2354 1594 2400 praester,
1628 2365 1633 2367 ⁴

292 2407 370 2455 post
390 2411 408 2441 Ι
426 2406 655 2455 lstaescrtim,
683 2406 722 2442 in
746 2409 837 2445 vini,
868 2407 934 2441 vix
956 2407 1064 2442 dicas.
1123 2407 1180 2441 Est
1201 2417 1319 2442 tamen
1339 2407 1429 2443 ordo
1447 2409 1593 2456 quidam

294 2463 468 2511 temporis
487 2462 527 2497 in
544 2462 609 2496 hac
630 2461 912 2500 enumeratione,
941 2462 1005 2509 qui
1023 2462 1253 2498 commendet
1277 2463 1380 2501 Tum.

367 2518 412 2552 ab
431 2520 484 2552 iis.
539 2519 622 2551 Hoc
639 2529 658 2551 e
677 2516 801 2551 Turic.
830 2515 928 2551 Alm.
960 2516 1082 2552 Guelf.
1115 2527 1151 2551 et
1172 2517 1228 2553 ed.
1247 2516 1341 2556 Obr.
1370 2515 1485 2552 malui
1509 2529 1629 2572 prae

290 2581 494 2607 ceterorum
520 2572 567 2610 ab
595 2573 658 2607 lais.

339 2704 544 2746 Mercurio,
581 2706 768 2743 literarum.
822 2705 868 2740 cf.
901 2715 936 2749 5,
970 2718 1002 2744 ι,
1059 2732 1070 2742 .
