1656 2990
298 153 460 199 INST.
498 152 776 199 ORATOR.
812 154 934 204 LIB.
966 153 1055 209 111,
1092 164 1137 206 7.
1277 162 1376 210 555

0 259 242 370 &pimus
319 282 388 329 Et
416 279 581 332 animi
602 253 826 329 ttitidem
850 278 1002 338 vitia,
1043 287 1176 345 quot
1203 276 1376 327 vinu·
1388 294 1441 323 20

8 404 29 467 1}
40 381 204 448 anthol.
246 421 293 452 2,
350 419 389 456 5.
400 413 419 456 )
483 411 690 461 reponendi
745 423 822 459 quo
852 411 894 446 in
921 409 1052 446 odium
1078 408 1284 446 adductae?
1310 410 1384 446 ‚Ta-

9 446 27 502 i‘
50 466 262 514 Clisthenem
329 481 400 517 pro
462 466 687 517 Plisthenem.

16 522 252 560 ‚Clisthenes
280 526 379 560 enim
412 523 468 562 ab
484 524 692 572 Aristopha-

19 592 95 631 ne
123 580 298 628 plurimis
327 580 418 616 locis
457 585 578 628 (quae
609 582 690 630 pos-

12 634 131 672 sunt
159 635 326 672 invenin
353 637 393 672 in
423 637 547 672 Indice
569 639 688 673 Brun-

48 691 206 740 ckiano)
263 691 461 728 vellicatur
513 703 686 741 tanquam

0 762 4 767 ·
46 747 164 784 homo
194 749 429 785 effeminatus
458 761 516 789 et,
547 760 590 784 ut
608 749 689 786 Sui-

7 804 111 856 ‚55¹¹ss
165 805 281 840 refert
337 819 384 840 ex
435 806 689 854 Aristophanis

26 852 354 903 -8d1oliaste,2’n2
380 857 548 907 ‚carmide
576 857 693 904 διαβε-

47 916 248 963 βλημένος,
284 931 361 966 quo
394 919 554 964 accedit,
591 918 693 966 quod

47 973 183 1022 iisdem
192 975 407 1019 auctoribus
418 975 592 1012 Cratinus
603 987 695 1023 quo-

49 1042 124 1079 que
141 1029 272 1065 fimilia
291 1031 330 1065 in
354 1044 438 1066 eum
463 1032 619 1078 conjecit
638 1031 693 1066 di-

51 1085 187 1126 cteria,
218 1085 318 1121 utin
339 1087 584 1135 proverbium
617 1098 694 1122 tan-

49 1141 135 1178 dem
170 1141 292 1178 abiret
325 1142 556 1179 Κλεισθένους
584 1139 690 1194 «²729oe-

49 1198 223 1248 τέστερος.
279 1201 336 1234 Ita
355 1199 419 1239 fit,
449 1210 490 1234 ut
510 1199 690 1248 aptiffime

49 1255 224 1291 videatur
240 1255 272 1290 is
293 1255 367 1290 dici
386 1269 405 1289 a
424 1256 544 1304 poetis
564 1255 691 1303 prodi-

50 1319 112 1347 tus
138 1310 366 1359 impudicus,
393 1313 460 1359 qui
488 1312 604 1346 fuerit
627 1325 690 1346 ve-

7 1391 9 1393 ·
51 1368 140 1404 teris
160 1366 385 1404 comoediae
407 1368 539 1403 salibus
560 1368 692 1416 perfri-

7 1464 11 1468 ,
51 1434 156 1464 etun
185 1423 254 1459 nifi
283 1423 384 1471 quod
412 1425 452 1458 in
481 1424 704 1459 Homericis

51 1481 128 1516 istis
154 1478 342 1528 personis,
387 1480 574 1519 Thetfite,
618 1483 692 1519 Iro,

55 1537 195 1575 Nireo,
247 1535 403 1571 alienior
432 1536 542 1584 possit
570 1535 696 1584 putari

51 1592 306 1640 Aristophanis
325 1592 497 1640 aequalis.
525 1591 695 1642 Diligen-

40 1653 115 1685 ’ter
134 1649 248 1688 en'im,
267 1649 371 1696 quod
382 1649 427 1683 ad
440 1648 584 1684 Comici
594 1651 694 1683 Aves

55 1718 96 1742 v.
120 1711 203 1751 828
234 1714 362 1740 monet
379 1705 536 1740 Beckius
558 1705 604 1742 V.
629 1705 694 1743 C.,

56 1760 103 1799 ab
118 1761 403 1800 Alcmaeonide,
447 1760 626 1811 Megaclis
655 1761 695 1794 fi-

57 1816 133 1858 lio,
159 1817 464 1854 Pifistratidatum
485 1816 694 1864 tyrannidis

58 1874 278 1924 oppressore,
304 1873 545 1924 segregandus
566 1872 614 1907 est
629 1871 693 1906 ille

55 1930 307 1979 Aristophanis
338 1929 558 1970 Clisthenes3
589 1928 696 1976 quip-

56 1996 103 2035 pe
121 1999 231 2034 quem
258 1987 332 2035 ipse
362 1993 471 2034 poeta
500 1985 598 2019 dicat
627 1984 695 2020 effe

57 2041 270 2094 Eassvftlow
287 2041 408 2076 filium
444 2041 604 2076 Acharn.
653 2053 695 2076 v.

62 2111 83 2136 ι
92 2106 154 2146 ¹8·
185 2098 293 2148 Quali
303 2108 426 2134 autem
439 2099 602 2146 persona,
624 2098 698 2131 sive

39 2149 239 2194 'hissoi-im,
258 2157 333 2191 five
352 2153 618 2205 mythologica,
635 2152 700 2187 hic

34 2258 35 2262 Ἰ
55 2209 283 2261 Quintiliani
307 2210 410 2246 locus
438 2210 624 2260 indigeat,
654 2208 696 2244 id

51 2267 144 2304 [nin
178 2266 388 2318 intelligere
425 2240 544 2300 mihin
551 2265 696 2301 videor.

62 2322 253 2361 'rherfiten
281 2332 320 2358 et
339 2325 441 2357 Itum
474 2322 698 2357 habebamus

55 2379 177 2416 ⁴modo
200 2388 475 2415 contemtorum
499 2378 699 2413 hominum

19 2430 25 2436 ’
63 2434 252 2484 exempla,
291 2434 340 2470 ob
361 2434 633 2469 deformitatem
659 2433 703 2468 il-

63 2490 167 2531 lum,
203 2490 304 2526 hunc
333 2490 381 2525 ob
412 2491 622 2541 egestatem;
661 2489 702 2524 in

52 2547 186 2594 JNireo
194 2547 370 2583 videmus
381 2546 701 2595 pulchritudinem

8 2630 39 2644 ..
65 2603 217 2655 ignavia
260 2602 550 2644 dehonestatam3
608 2601 703 2650 quid

66 2659 185 2699 astat,
213 2658 283 2694 niti
299 2667 343 2693 ut
363 2658 574 2706 opulentiae
596 2659 704 2693 nobis

70 2713 288 2752 ahibeatur
309 2714 523 2764 exemplum
535 2712 631 2751 vitio
644 2713 707 2750 ali-

743 467 790 514 lis
823 469 848 503 fi
881 467 956 502 suit
995 466 1285 502 vel'Plisthenes
1316 464 1383 502 vel

745 523 959 563 Clisthenes,
987 523 1084 559 salva
1104 535 1162 558 res
1179 520 1242 561 est.
1287 523 1385 559 Con·

743 580 888 616 stabunt
908 580 1007 616 enim
1026 580 1209 619 rationes,
1239 589 1284 614 ut
1303 588 1401 614 cors

743 637 845 686 poris
865 650 905 671 ac
927 636 1099 671 fortunae
1122 636 1218 671 mala
1248 634 1384 684 priori-

743 693 813 728 bus
834 702 1063 728 contemtum
1084 691 1289 732 attulerint,
1319 703 1386 741 po-

744 749 957 789 sterioribus
977 749 1250 796 ejusdemmodi
1275 749 1387 787 bona,

745 806 849 841 vitiis
861 811 1045 853 corrupta,
1057 805 1199 840 odium.
1234 804 1386 842 Clisthe-

746 875 831 902 nes,
868 861 1168 897 Pifistratidarum
1201 861 1388 912 expulsor,

748 919 840 966 quin
871 919 985 955 fuerit
1016 918 1234 956 ditissimus,
1274 930 1386 953 nemo

748 974 946 1013 dubitabit,
963 975 1028 1022 qui
1039 973 1388 1011 Alcmaeonidarum

749 1042 786 1066 et
805 1030 998 1066 Clisthenis
1019 1024 1208 1078 Sicyonii,
1231 1031 1295 1067 avi
1313 1043 1388 1065 ma-

750 1087 869 1126 terni,
899 1087 1051 1121 divitias
1070 1087 1111 1121 iu
1133 1100 1218 1121 eum
1250 1099 1390 1121 coacer-

744 1140 849 1179 vatas
868 1143 1080 1177 meminerit
1112 1156 1157 1178 ex
1188 1143 1386 1178 Herodoto

745 1199 810 1244 (6,
844 1198 953 1246 126).
1013 1199 1073 1232 An
1096 1199 1214 1249 igitur
1237 1198 1389 1235 Clisthe-

745 1267 831 1290 nem
865 1253 974 1290 illum
1001 1254 1243 1291 Comicorum
1272 1256 1389 1302 Quin-
1424 1256 1427 1258 ’

746 1311 897 1346 tilianus
910 1310 1082 1346 confudit
1099 1323 1183 1345 cum
1196 1310 1387 1347 Alcmaeo·

746 1366 864 1402 uide?
921 1366 991 1402 Sed
1030 1366 1101 1402 tale
1147 1362 1389 1417 οἷνιστορησῖας

748 1424 911 1461 crimen,
938 1423 1119 1457 mutando
1143 1433 1271 1463 textu,
1302 1437 1389 1459 con-

747 1479 861 1526 jicere
897 1478 936 1512 in
967 1479 1181 1527 scriptorem
1209 1480 1388 1520 nostrum,

750 1535 850 1572 nefas
899 1533 1023 1568 fuerit.
1101 1535 1390 1584 Aristophaneus

751 1590 903 1638 quidem
929 1589 1129 1626 Clisthenes
1147 1591 1301 1626 videtur
1322 1593 1391 1628 effe

751 1647 797 1681 de
815 1646 886 1681 vili
906 1645 1023 1694 plebe,
1052 1647 1132 1682 vid.
1147 1647 1331 1683 Scholiast.
1345 1649 1392 1683 ad

750 1704 860 1750 Vesp.
887 1716 902 1736 ι
915 1709 1003 1747 ι87.
1044 1705 1104 1738 De
1125 1703 1317 1740 Plisthenis
1338 1705 1393 1740 di-

750 1759 853 1794 vitiis
872 1758 969 1793 nihil
989 1760 1165 1808 comperi.
1194 1761 1394 1812 Fragmen-

751 1825 787 1850 ta
809 1814 1019 1866 tragoediae
1039 1816 1274 1864 Euripideae,
1299 1830 1394 1866 quae

750 1871 941 1906 Plisthenis
952 1883 1089 1906 nomen
1099 1873 1271 1919 praefert,
1281 1886 1396 1921 quan-

752 1940 862 1974 quam
876 1940 1001 1975 pauca,
1031 1927 1226 1976 aliquoties
1246 1929 1396 1966 divitia-

751 1996 837 2018 rum
886 1983 1026 2019 habent
1077 1986 1307 2021 mentionem
1358 1996 1396 2021 et

751 2039 936 2074 malorum
965 2053 1050 2075 cum
1079 2040 1212 2076 iisdem
1242 2043 1395 2089 conjun-

753 2106 913 2131 ctorum.
960 2096 1031 2131 Sed
1050 2097 1139 2132 hinc
1159 2110 1289 2146 parum
1309 2111 1396 2148 pro-

753 2153 862 2187 ficias.
918 2153 977 2188 Ne
998 2152 1039 2187 id
1060 2153 1212 2201 quidem
1241 2155 1282 2189 in
1304 2155 1396 2190 lace-

754 2209 806 2243 ris
835 2208 936 2243 istius
964 2209 1157 2277 nnufrarrii
1178 2210 1313 2246 tabulis
1336 2225 1395 2260 ap-

752 2274 866 2314 paret,
894 2274 955 2299 utt
1080 2240 1229 2303 thenes
1247 2268 1397 2316 Euripi-

755 2321 843 2356 deus
875 2322 917 2355 fit
944 2322 1003 2367 Αεὶλ
1077 2321 1202 2363 filius;
1240 2337 1326 2359 nam
1359 2334 1396 2359 et

756 2377 846 2412 alter
874 2371 1106 2412 memoratur
1133 2391 1152 2413 a
1181 2379 1396 2431 mythogra-

756 2433 840 2481 phis
860 2433 976 2468 Acasti
995 2433 1106 2474 filius,
1134 2434 1252 2470 Peliae
1269 2449 1396 2485 nepos.

757 2489 937 2536 Sequitur
974 2502 1083 2541 ergo,
1125 2500 1168 2526 ut
1196 2491 1396 2528 dicendum

756 2547 819 2581 fit:
860 2546 950 2582 Non
980 2544 1109 2594 liquet.
1166 2548 1300 2596 Neque
1323 2561 1398 2585 erat

760 2601 804 2637 ab
828 2601 991 2637 Andrete
1012 2602 1242 2648 (Chrestom.
1265 2606 1395 2653 Quint.

761 2671 797 2708 p.
833 2660 926 2702 20.)
967 2658 1007 2692 in
1038 2668 1144 2694 textu
1183 2662 1400 2709 ponendum

766 2712 889 2764 Clisth.
914 2716 1016 2762 Quot
1029 2715 1129 2751 inter
1137 2717 1311 2767 antiquos
1323 2731 1404 2768 per-
