1656 2990
493 210 935 259 PRAEFATIO.
1086 256 1098 261 ,
1180 226 1395 258 Lxxxnt

54 346 228 380 tuantur
248 339 413 379 ratione
435 338 597 386 habita,
635 339 873 393 promiscue
902 340 1103 380 dicuntur
1134 340 1278 379 omnia
1300 352 1390 379 cor-

53 408 173 462 poris
198 407 424 448 exercendi
455 405 682 461 spectacula
709 416 759 446 ut
780 407 938 464 Digest.
973 417 1016 460 5,
1055 418 1098 452 2.
1133 414 1180 462 4.
1226 422 1243 446 1
1282 408 1390 449 aliis-

53 487 135 528 que
157 475 304 516 multis
324 474 633 515 Pandectarum
653 476 772 516 locis.

155 587 208 624 2,
246 584 290 628 8,
332 583 404 629 14..
447 577 734 638 Niccfiratus.
806 577 927 617 Adde
955 575 1126 617 adnot.
1151 589 1246 616 ex.:
1280 576 1384 616 vide

51 651 98 685 et
125 646 236 684 Dial.
270 645 323 685 de
353 645 474 686 causs'.
507 655 726 699 corruptae
757 646 1022 698 eloquentiae
1045 659 1080 684 c.
1111 658 1183 684 10.
1221 646 1268 684 in
1296 657 1381 699 quo

50 720 96 752 et
114 711 203 767 ipso
226 711 484 753 Nicostratus
504 723 776 760 memoratur,
806 713 949 766 ibique
972 713 1099 766 Lipfii
1119 721 1211 753 not.

155 825 208 860 2,
253 828 270 853 1
289 829 304 853 1
322 842 335 862 ,
371 819 418 868 4.
458 814 650 868 pluribus
680 813 937 856 —-‘dieb11s.
1007 813 1131 854 Adde
1153 813 1205 853 ad
1233 803 1384 854 xiotam

50 894 144 921 ein:
190 882 272 922 Hic
294 883 429 937 magis
456 883 583 922 etiarn
618 884 809 922 citandus
835 891 922 922 erat
946 883 1065 922 locus
1094 895 1175 927 10,
1216 891 1267 933 5,
1307 889 1381 930 ¹5·

49 950 125 1002 qui
146 950 233 1004 agit
259 950 410 988 itidem
430 951 483 989 de
506 951 734 1004 cogitando
760 959 803 989 et
831 949 1074 994 scribendo,
1111 950 1228 1002 quod
1260 950 1307 989 fit
1337 949 1384 988 in

49 1017 267 1070 conclavi,
295 1030 392 1056 cum
412 1017 631 1056 undecimi
651 1017 747 1056 libri
769 1016 907 1056 sensus
932 1018 1147 1056 actionem
1167 1015 1298 1069 ipsam
1322 1030 1385 1055 re-

48 1082 204 1137 spiciat.
299 1084 555 1138 Quanquam
582 1093 625 1124 et
651 1085 714 1124 ibi
745 1085 802 1125 est
831 1085 987 1124 intueri
1011 1083 1259 1130 lacunaria,
1312 1083 1383 1123 secl

46 1151 178 1191 altero
216 1151 312 1190 loco
345 1145 599 1210 spectantes
631 1161 813 1201 tectum,
875 1165 918 1192 et
956 1152 1080 1206 plane
1111 1159 1377 1204 repetuntur,

45 1231 151 1272 quae
181 1218 251 1258 hic
272 1219 467 1274 legimus.
538 1220 622 1260 Pro
656 1229 813 1260 tectum
844 1233 934 1260 non
970 1219 1047 1275 (ut
1067 1220 1156 1258 dixi
1178 1220 1223 1258 in
1246 1220 1378 1268 nota)

43 1286 131 1326 fine
155 1285 356 1327 Gothano
376 1295 534 1327 rectum
554 1287 623 1328 hic
648 1288 719 1328 dat
738 1287 848 1328 Voss'.
875 1299 918 1334 2,
956 1287 1024 1327 sed
1049 1295 1092 1327 et
1123 1301 1194 1333 10,
1230 1296 1271 1339 5,
1301 1295 1374 1337 ¹5·

42 1354 120 1394 nbi
147 1352 331 1394 viciffim
362 1355 477 1395 nulla
504 1355 697 1396 Gothani
724 1358 904 1396 mentio.
977 1355 1139 1397 Contra
1165 1354 1273 1396 Jens.
1306 1354 1379 1410 (2,

51 1435 70 1464 ι
87 1435 125 1469 1,
162 1419 240 1476 4.)
276 1430 446 1470 tectum,
478 1437 570 1464 non
589 1432 759 1471 rectum,
794 1433 844 1462 ut
862 1433 1000 1464 narrat
1021 1422 1147 1464 Gesn.

150 1533 179 1565 2
193 1552 204 1570 ‚
250 1537 268 1563 ι
283 1536 328 1571 2,
350 1515 358 1523 ⁸
373 1539 389 1564 1
403 1539 444 1566 0.
480 1524 625 1577 pedem
647 1526 728 1566 inc.
740 1519 892 1584 femur
912 1548 980 1556 --
999 1523 1180 1566 caedere.
1250 1523 1374 1565 Adde

41 1591 94 1630 ad
116 1600 208 1632 not.
236 1605 328 1632 ex.:
362 1592 430 1634 Ne
449 1592 534 1646 ipse
553 1594 729 1647 quidem
753 1594 839 1648 Qu.
857 1622 869 1640 ,
900 1601 1095 1647 tempore
1115 1593 1146 1632 fi
1166 1593 1259 1638 fiat,
1294 1594 1372 1646 imss

39 1659 194 1712 probat
212 1660 302 1700 vid.
331 1674 348 1699 1
366 1675 404 1706 1,
439 1669 481 1713 5,
526 1675 541 1699 1
555 1670 632 1713 23.
686 1663 752 1701 De
769 1661 877 1715 pede
896 1661 1059 1701 ibidem
1078 1662 1160 1712 §.1
1174 1669 1252 1712 28.

142 1769 187 1806 Ω,
231 1770 303 1806 12,
345 1774 418 1801 11.
456 1761 695 1802 tribuerunt
716 1771 759 1802 et
779 1763 962 1813 ineptos.
1002 1759 1144 1802 Guelf.
1169 1762 1372 1803 etTuric.

39 1827 251 1868 omittunt
280 1836 323 1867 ec
351 1841 449 1868 cum
479 1829 590 1869 Alm.
623 1829 756 1869 Goth.
781 1829 892 1869 Voff.
923 1843 960 1869 1.
983 1839 1026 1869 2.
1063 1838 1106 1868 et
1136 1830 1234 1869 edd.
1259 1828 1366 1869 Jeus.

37 1897 134 1948 (tac.
153 1894 278 1939 Gesn.
282 1896 300 1945 )
324 1896 607 1949 omnibusque
626 1907 723 1938 ante
744 1897 908 1949 Gryph.
930 1897 1050 1942 meis,
1084 1897 1200 1949 quod
1219 1909 1374 1937 verum

38 1963 246 2004 existimo.
315 1964 414 2004 Alio
438 1973 581 2005 tamen
606 1965 702 2006 loco
727 1964 920 2018 pluribus
940 1965 998 2004 ita
1016 1965 1301 2018 praemittitur
1329 1972 1373 2004 eb

38 2040 82 2078 2,
126 2040 206 2080 17,
241 2038 287 2081 8.

140 2129 194 2163 2,
240 2127 322 2170 15,
368 2131 413 2175 9.
470 2133 616 2171 nempe
649 2119 770 2160 enim.
840 2120 1005 2160 Eadem
1038 2119 1278 2175 junguntur
1319 2117 1371 2157 ab

40 2194 209 2226 auctore
230 2187 339 2226 Dial.
367 2188 419 2227 de
442 2201 548 2228 corr.
575 2180 714 2240 eloqu,
736 2201 770 2229 e.
795 2195 822 2240 5
831 2197 872 2238 5.
924 2187 1126 2241 „Nempe
1146 2188 1264 2227 enim
1284 2186 1371 2226 duo

38 2261 266 2311 ‚,genera.“

138 2352 183 2389 2,
227 2349 298 2393 15,
335 2353 380 2394 9.
419 2341 594 2397 alloqui.
667 2341 837 2382 Eodem
855 2340 942 2382 fere
958 2341 1036 2380 usu
1062 2351 1105 2388 2,
1149 2354 1188 2386 1,
1224 2345 1272 2391 4.

141 2441 185 2476 Ω,
231 2438 302 2480 15,
337 2438 413 2482 25.
450 2430 707 2470 Athenaeus.
778 2430 899 2471 Adde
925 2430 976 2469 ad
1003 2438 1095 2469 not.
1122 2441 1214 2468 ex.:
1252 2428 1374 2482 Quae

39 2491 84 2537 et
109 2497 182 2538 hic
210 2499 306 2538 dico
330 2506 373 2537 et
396 2507 543 2550 repeto
565 2497 616 2537 ad
642 2501 679 2549 §.
703 2503 788 2551 54,
826 2506 1017 2551 pugnant
1038 2510 1136 2536 curn
1156 2497 1232 2540 iis.
1268 2508 1374 2549 quae

39 2566 80 2615 §.
107 2571 178 2620 14.
203 2556 353 2605 diserte
371 2565 616 2604 tribuuntur
635 2566 936 2620 Hermagorae.
1008 2566 1111 2616 Ejus
1138 2564 1257 2603 enim
1285 2564 1378 2603 fmi-

41 2632 208 2671 tionem
227 2633 331 2672 dum
355 2631 576 2675 maniFesto
597 2634 736 2684 rejicit
763 2633 1078 2687 Quintilianus,
1114 2645 1206 2671 non
1233 2631 1378 2685 potuit

39 2699 229 2750 ejusdem
250 2700 354 2747 effe,
385 2713 512 2755 quain
540 2702 714 2755 reliquis
743 2701 947 2742 omnibus
974 2698 1219 2756 praeferret.
1289 2698 1374 2750 *Ne-

827 2766 847 2807 f
880 2779 908 2809 2
