1656 2990
319 193 483 249 INST.
522 195 798 244 ORATOR.
835 196 955 240 LIB.
991 195 1067 253 11,
1102 208 1180 240 20.
1321 202 1418 253 401

30 320 166 378 dis
187 337 246 370 ac
266 337 379 372 non
398 319 636 372 dicendis
654 322 766 371 erit.
846 323 936 379 Et,
975 317 1012 381 fi
1031 320 1254 370 virtutes
1282 317 1419 378 sunt,
1431 330 1456 367 6

10 452 26 460 Δ
34 380 151 448 ad
180 415 308 462 quas
340 398 522 457 nobis,
563 399 720 448 etiam
754 408 872 449 ante
904 414 1063 463 quam
1092 396 1421 455 doceremur,

70 474 236 530 'initia
257 473 515 544 quaedam
536 491 591 524 ac
614 474 809 526 semina
827 473 951 525 sunt
969 472 1199 523 concess'a
1220 483 1421 532 natura,

16 540 28 546 ’
81 561 146 601 ut
169 551 235 602 ad
257 551 512 615 iustitiam
528 589 542 611 ,
577 555 728 622 cuius
755 551 961 602 rusticis
989 568 1207 618 quoque
1228 569 1285 600 ac
1305 551 1421 599 bar-

81 627 221 680 baris
253 639 466 694 apparet
492 629 666 694 aliqua
690 630 890 695 imago:
931 646 1029 679 nos
1060 639 1197 677 certe
1229 626 1294 676 fic
1323 625 1420 677 effe

82 705 146 756 ab
172 706 328 762 initio
347 703 626 764 formatos,
662 716 723 756 ut
744 703 1005 773 possemus
1026 723 1178 767 'orare
1200 722 1300 773 pro
1326 722 1425 755 no-

81 781 188 841 bis,
226 781 423 833 etiamsi
463 800 575 832 non
613 781 867 849 perfecte,
907 794 1082 833 tamen
1111 794 1176 833 ut
1203 779 1424 832 inessent

81 858 340 928 quaedam
362 861 456 923 (ut
479 859 624 925 dixi)
647 859 843 911 femina
863 864 973 922 ejus
998 858 1274 918 facultatis,
1314 876 1424 908 ma-

79 933 334 986 nifestum
363 934 448 986 est.
529 938 661 988 Non
698 938 881 987 eadem
918 947 1094 988 autem
1131 938 1197 988 iis
1231 947 1455 986 natura⁷

79 1012 276 1064 artibus
295 1011 393 1071 est,
431 1029 565 1078 quae
589 1031 617 1063 a
644 1015 842 1066 virtute
865 1013 988 1064 sunt
1011 1024 1256 1063 remotae.
1322 1016 1422 1062 Ita-

79 1105 183 1154 que
206 1106 330 1140 cum
350 1089 462 1141 duo
486 1089 584 1139 fint
606 1106 798 1155 genera
824 1092 1092 1148 orationi5‚
1122 1091 1280 1141 altera
1298 1107 1422 1155 per-

17 1176 23 1184 ’
72 1175 260 1231 petua,
299 1183 432 1233 quae
473 1165 719 1218 rhetorice
758 1167 982 1225 dicitm,
1025 1169 1183 1217 altera
1206 1163 1421 1238 concisa,

70 1257 214 1310 quae
239 1242 532 1293 dialectice·
511 1280 529 1304 ,
571 1261 699 1310 quas
722 1244 942 1309 quidem
963 1247 1108 1294 Zeno
1134 1244 1266 1294 adeo
1294 1261 1420 1293 con-

73 1319 266 1381 junxit,
292 1330 354 1371 ut
373 1319 510 1372 hanc
533 1337 718 1387 compi
720 1319 882 1371 elsae
867 1339 927 1371 in
945 1339 1192 1388 pugnum
1213 1338 1420 1378 manue,

74 1395 226 1446 illam
247 1397 520 1462 explicitae
544 1397 742 1449 diceret
766 1396 1012 1449 similem·
1058 1399 1216 1448 etiam
1240 1397 1420 1464 dispu-

76 1474 231 1522 tatrix
259 1475 430 1525 virtus
458 1475 581 1525 erit:
629 1475 760 1525 adeo
791 1474 857 1526 de
891 1476 1014 1535 hac,
1052 1492 1187 1540 quae
1221 1474 1421 1540 specio·

0 1547 182 1605 204fior
211 1561 368 1615 atque
405 1553 636 1618 apertior
666 1562 811 1602 tanto
844 1551 940 1610 est,
981 1552 1120 1601 nihil
1155 1551 1421 1601 dubitabi-

75 1635 178 1676 tur·
250 1627 359 1677 Sed
378 1628 590 1695 plenius
611 1628 717 1678 hoc
737 1629 883 1679 idem
903 1639 1060 1696 atque
1078 1629 1309 1697 apertius
1335 1630 1454 1688 'in-8

158 1781 202 1816 iis
220 1799 275 1807 --
291 1781 438 1818 artibus.
498 1780 557 1815 Sic
579 1779 701 1819 Guelf.
723 1790 759 1816 et
779 1780 893 1817 Goth.
922 1783 1014 1824 (tac.
1040 1782 1166 1824 Gesn.)
1185 1793 1270 1816 eum
1294 1782 1419 1820 ceteri,

75 1844 122 1872 ut
143 1845 180 1870 et
201 1837 330 1876 Germ,
360 1836 449 1871 dent
471 1827 546 1876 hii,
575 1849 707 1884 parum
734 1838 998 1872 convenienter
1022 1837 1056 1871 h.
1081 1836 1104 1871 l.
1135 1837 1180 1873 cf.
1208 1847 1244 1876 2,
1271 1851 1304 1876 1,
1327 1847 1362 1872 2.

159 1892 270 1927 Zeno.
327 1891 452 1929 Guelf.
485 1894 606 1928 Zenon
646 1905 729 1928 cum
773 1892 960 1942 plerisque
993 1893 1110 1929 codd.
1146 1903 1182 1928 et
1212 1893 1294 1928 edd.
1324 1893 1421 1931 Jens.

77 1949 174 1990 (tac,
207 1948 336 1997 Gesu.)
364 1947 518 1995 aliisque
550 1958 645 1983 vett.
704 1951 816 1985 Tarv.
852 1958 973 1985 tamen
1003 1959 1038 1984 et
1065 1951 1158 1986 Veu.
1188 1949 1278 1983 daut
1309 1950 1418 1985 Zeno.

75 2002 304 2051 Scripturam
329 2016 394 2053 per
425 2019 447 2039 n
476 2015 554 2039 uon
583 2005 650 2039 effe
675 2004 719 2039 de
739 2004 859 2040 nihilo
879 2005 985 2040 docet
1012 2004 1115 2040 loeus
1140 2019 1174 2047 ι,
1196 2014 1233 2051 5,
1257 2005 1322 2042 60.
1344 2018 1419 2054 quo

77 2066 116 2094 ot
135 2060 264 2095 Burm.
289 2059 442 2112 ablegat.
488 2062 595 2098 'Eam
617 2071 654 2097 et
682 2061 744 2097 hic
765 2061 958 2098 revocavit
975 2061 1070 2111 *Obin

135 2191 245 2229 Zeno.
288 2192 378 2228 vide
406 2194 504 2230 Sext.
537 2195 646 2241 Emp.
680 2206 718 2242 p.
776 2203 813 2229 et
836 2194 969 2231 deinde
992 2194 1206 2244 increpatur
1229 2196 1339 2244 quali.
1371 2194 1417 2231 cf.

78 2254 160 2295 239
188 2258 225 2282 et
244 2258 369 2284 notam
394 2248 500 2285 Fabr.
523 2251 561 2285 Ρ.
619 2251 720 2285 Loca
768 2248 1049 2299 sermocinatrix
1071 2261 1117 2295 5,
1140 2258 1187 2299 4,
1216 2264 1276 2287 ιο.

78 2304 270 2341 Ciceronis
297 2305 386 2341 haec
414 2306 515 2341 sunt:
546 2306 657 2342 Acad.
678 2312 717 2355 4,
833 2308 938 2343 adeo.
970 2308 1084 2346 Cave,
1105 2307 1257 2357 accipias
1276 2306 1418 2343 dictum

77 2364 147 2408 47.
176 2359 221 2395 de
239 2361 319 2397 Fin.
343 2371 380 2400 2,
399 2361 436 2397 6.
467 2362 572 2398 Orat.
596 2371 661 2407 52.
773 2374 843 2413 pro
864 2363 955 2399 ideo.
988 2363 1050 2397 Est
1062 2366 1121 2398 sua
1140 2362 1324 2410 potestate,
1346 2373 1416 2410 pro

30 2419 42 2435 ·'
62 2415 64 2417 ’
137 2416 368 2463 disputatrix.
427 2419 516 2458 Non
538 2419 608 2453 [ine
627 2430 718 2466 quo-
774 2429 860 2458 tam,
880 2429 1078 2466 tantopere.
1118 2418 1271 2454 Turscll.
1294 2431 1328 2467 p.
1349 2426 1416 2464 42.

80 2469 166 2505 dam
187 2476 396 2509 contemtus
419 2473 542 2510 colore
562 2473 633 2508 hoc
654 2487 718 2508 110·
775 2475 851 2511 Nc.
885 2483 921 2510 2.
978 2475 1101 2525 Junge
1138 2485 1281 2509 autem:
1323 2475 1416 2510 adeo

81 2538 167 2560 men
206 2526 413 2565 dialecticae
450 2530 579 2565 datum
626 2530 723 2566 arbi·
776 2531 878 2566 nihil.

82 2590 175 2620 tter.
197 2595 272 2631 quo
299 2585 561 2621 minus-secum
581 2599 723 2636 pugna-
795 2582 797 2586 ¹
836 2585 905 2621 Sel
924 2584 1076 2631 plenius.
1106 2585 1268 2622 orditur
1277 2586 1417 2634 planio-

80 2649 123 2672 te
150 2637 323 2674 videatur
347 2643 417 2689 Qu.
447 2641 514 2689 qui
537 2645 722 2678 oratricem
776 2654 849 2676 rem
877 2639 1000 2679 illam,
1041 2654 1152 2688 quam
1190 2642 1416 2705 pr‹›mise1',at

81 2691 351 2742 improbaverit
385 2706 431 2736 2,
459 2703 529 2743 14,
555 2705 592 2731 2.
651 2695 722 2731 Sed
776 2697 1035 2745 probationem.
1091 2699 1152 2732 An
1191 2699 1310 2749 igitur
1339 2701 1419 2746 pla·

82 2746 290 2798 imponitur
319 2748 482 2800 persona*
498 2751 721 2791 dialecticae,
778 2755 854 2788 nius
869 2755 888 2787 ἕ
918 2753 963 2788 cf.
987 2763 1064 2788 not.
1081 2755 1174 2792 Crit.
1194 2755 1238 2789 ad
1262 2765 1297 2792 2,
1323 2764 1358 2798 3.
1380 2755 1416 2789 6.

88 2808 92 2810 “
145 2805 246 2840 Tom.
270 2807 300 2840 Ι.
831 2809 861 2844 C
876 2820 896 2844 e
