1656 2990
531 196 984 264 PRAEFATIO.
1106 247 1109 249 -
1288 224 1431 263 Lxx-v

86 342 173 400 ipra
194 357 364 399 quoque
384 342 535 397 syllaba
555 358 604 383 ae
621 342 751 384 fuerit
769 343 1049 385 demonstrata
1070 341 1238 384 divisio.
1282 343 1430 384 Etiam

86 413 326 454 Turicenfis
347 425 502 453 vocem
524 411 726 454 Graecam
744 404 944 474 διωίξεσις
966 412 1145 452 omittit.

196 535 236 566 ι,
269 529 314 572 5,
357 533 431 574 19.
479 521 528 560 Si
547 520 600 560 H
615 521 742 561 litera
762 520 818 582 est
840 533 923 560 non
947 529 1067 562 nota.
1138 520 1430 561 Buttmannus

89 588 218 630 verba
238 589 338 629 haec
359 588 531 645 gloss'am
553 598 685 642 putat,-
722 603 827 642 quae
849 589 877 629 fi
897 587 1028 628 absint
1049 588 1170 648 cujus
1187 587 1350 628 facilius
1376 588 1431 627 ad

89 655 385 711 aspirationem
415 656 619 697 referatur
653 655 722 708 (cf.
747 666 891 697 tamen
917 666 958 709 3,
991 671 1040 713 9,
1084 659 1153 707 1);
1187 657 1233 696 in
1262 669 1343 710 qua
1368 668 1430 695 ra·

89 726 210 766 tione
230 738 391 771 nevam
411 724 664 765 sententiam
688 739 710 764 a
738 725 874 784 Cujzts
891 725 985 765 vult
1007 724 1212 765 inchoari.

201 851 218 877 1
237 866 249 883 ,
285 845 334 888 5,
373 848 452 879 22.
489 846 539 878 uc
570 836 782 878 videlicet.
852 838 918 878 An
948 836 1058 878 forte
1089 837 1336 889 abjiciemus
1365 843 1430 884 ut,

90 913 291 958 tanquam
324 914 475 946 natum
505 919 558 946 ex
588 905 697 945 male
729 907 908 959 repetita
941 905 1155 960 sequentis
1184 907 1324 960 prima
1355 903 1436 957 syl-

87 972 182 1017 laba
210 973 255 1013 ui
264 973 287 1013 ?

201 1085 240 1118 1,
265 1080 308 1124 5,
335 1072 399 1127 ἑᾷ
432 1070 491 1126 (p.
523 1079 613 1124 105
639 1081 731 1113 not.
760 1071 831 1113 Cr.
857 1085 901 1112 v.
932 1081 988 1122 15
1011 1070 1063 1112 ad
1083 1071 1238 1112 verba:
1275 1071 1434 1124 IVIagz's

90 1147 232 1182 eam-en
254 1163 312 1171 -—
342 1139 529 1195 placet).
602 1143 667 1180 Ex
690 1140 886 1180 structura
905 1140 987 1194 ipsa
1008 1141 1220 1194 participii
1237 1148 1435 1193 cogentes

88 1207 349 1262 probabilior
377 1208 424 1247 fit
458 1210 575 1262 prior
608 1209 691 1248 loci
724 1209 1032 1260 interpretatio.
1103 1209 1148 1248 Si
1179 1209 1295 1248 enim
1326 1209 1432 1247 alios

86 1275 352 1328 trisyllabum
371 1275 455 1315 hoc
476 1289 636 1328 nomen
659 1275 817 1321 fecisse,
852 1276 1218 1317 circumducentes
1249 1276 1433 1328 penulti-

88 1354 229 1390 mam,
257 1339 461 1383 'voluilset
485 1344 736 1399 significare,
757 1344 877 1385 *alins
900 1343 1175 1396 disyllabum,
1212 1343 1433 1384 flectentes

91 1411 315 1465 ultimam,
363 1412 536 1452 videtur
565 1414 622 1452 ita
653 1413 798 1466 potius
824 1410 942 1452 fuiffe
975 1411 1225 1466 scripturus:
1273 1425 1433 1465 „quam

90 1479 196 1532 „qui
219 1502 275 1510 --
301 1480 347 1518 in
367 1492 496 1519 unam
520 1490 680 1536 cogunt
702 1489 745 1520 et
763 1480 919 1519 deinde
941 1481 1131 1526 flectunt,
1153 1479 1270 1533 dupl.
1284 1484 1435 1533 pecc.“

90 1540 274 1588 Fortass'e
297 1547 428 1603 igitur
448 1547 583 1602 ipsum
607 1549 734 1594 illud,
778 1549 893 1601 qnod
921 1549 1071 1598 rejeci,
1104 1549 1245 1600 Appi,
1280 1559 1434 1587 verum

90 1614 162 1660 est,
197 1615 331 1654 modo
353 1616 558 1656 constaret
579 1617 836 1671 Quintiliani
864 1625 1058 1670 tempore
1077 1616 1201 1654 usum
1219 1616 1342 1655 illum
1363 1628 1435 1671 ge-

89 1683 335 1724 nitivorum
351 1683 402 1722 ‘in
423 1684 460 1729 i,
498 1698 589 1724 non
611 1694 756 1723 autem
776 1686 821 1722 in
843 1685 895 1730 ii,
928 1685 982 1724 de
1006 1697 1090 1737 quo
1112 1696 1190 1739 ago
1220 1684 1271 1723 ad
1299 1693 1350 1734 5,
1389 1690 1434 1733 5,

99 1763 116 1789 ι
129 1760 172 1800 7,
203 1750 327 1804 plane
348 1748 464 1791 fuiffe
485 1751 707 1797 abolitum,
742 1761 802 1797 ut,
833 1753 946 1791 miro
967 1751 1061 1791 sane
1084 1751 1190 1796 casn,
1211 1751 1435 1792 Horatiani

91 1818 226 1859 moris
255 1818 548 1873 Quintilianus
581 1819 820 1872 imperitior
850 1820 1047 1870 Bentlejo
1076 1806 1354 1873 reperiretur,
1390 1827 1435 1859 et

91 1885 353 1940 improbaret
372 1886 431 1931 id,
470 1887 585 1940 quod
608 1886 675 1926 hic
693 1887 744 1926 ab
767 1888 943 1940 optimis
960 1887 1197 1940 quibusque
1218 1896 1315 1927 ante
1330 1887 1435 1927 Ovi-

93 1952 216 1993 dium
239 1952 513 2007 scriptoribus
533 1955 660 1994 unice
689 1953 1004 2007 frequentatum
1029 1955 1226 1995 ostendit.
1298 1955 1436 2008 Appa-

92 2029 159 2060 ret
177 2029 344 2067 autem,
372 2022 481 2061 male
503 2022 777 2062 circumflexu
796 2022 946 2076 lignari
969 2023 1101 2062 hodie
1128 2036 1150 2061 a
1178 2022 1436 2076 quibusdam

93 2088 300 2128 ablativos
320 2090 481 2142 primae
504 2091 609 2130 decl.
678 2090 911 2143 Nunquam
940 2092 1056 2130 enim
1077 2091 1229 2130 ultima
1255 2090 1360 2130 flexa
1379 2090 1439 2131 est

92 2168 115 2195 a
144 2157 364 2196 Romanis.
442 2158 622 2212 Apicem
648 2156 884 2198 inscribere·
905 2159 1086 2204 debent,
1121 2159 1363 2212 quicunque
1389 2159 1437 2199 fi·

91 2236 229 2279 gnum
246 2225 480 2277 requirunt.
552 2224 605 2266 cf.
634 2241 673 2278 1,
698 2236 741 2275 7,
770 2236 796 2278 3
835 2235 877 2266 et
897 2226 1116 2266 Fosterum
1135 2239 1188 2267 eo
1210 2225 1300 2279 ipso
1323 2227 1435 2273 loco,

92 2305 224 2345 quem
246 2292 375 2332 citavi
393 2293 440 2332 in
461 2302 563 2334 nota
581 2295 783 2347 priorem.

130 2463 133 2466 .
201 2419 239 2452 ι,
271 2414 315 2457 5.
347 2412 425 2460 24.
465 2407 562 2448 item
581 2407 693 2447 Terei
706 2406 931 2461 Ner-eique.
1002 2406 1107 2447 Non
1128 2420 1282 2463 magna
1305 2405 1438 2448 fuerit

90 2473 287 2522 audacia,
345 2473 377 2514 fi
415 2476 508 2529 quis
547 2475 657 2517 hanc
695 2475 1022 2529 appendiculam
1060 2488 1138 2530 pro
1172 2474 1308 2530 spuria
1338 2477 1439 2529 reji-

93 2542 189 2583 ciat.
1034 2544 1038 2549 ”

202 2657 250 2690 ι,
290 2651 344 2698 5,
377 2653 456 2696 31.
488 2643 645 2699 itaque.
719 2641 831 2684 eod.
861 2644 1006 2684 Tmic.
1038 2657 1062 2684 a
1089 2658 1222 2685 manu
1256 2643 1437 2710 secunda

93 2711 253 2766 utique.
