<?xml version="1.0" encoding="UTF-8"?>
<!DOCTYPE html PUBLIC "-//W3C//DTD XHTML 1.0 Transitional//EN"
    "http://www.w3.org/TR/xhtml1/DTD/xhtml1-transitional.dtd">
<html xmlns="http://www.w3.org/1999/xhtml" xml:lang="en" lang="en">
 <head>
  <title>
</title>
<meta http-equiv="Content-Type" content="text/html;charset=utf-8" />
  <meta name='ocr-system' content='tesseract 3.04.00' />
  <meta name='ocr-capabilities' content='ocr_page ocr_carea ocr_par ocr_line ocrx_word'/>
</head>
<body>
  <div class='ocr_page' id='page_1' title='image "./deinstitutioneor01quinuoft_0713.png"; bbox 0 0 1656 2990; ppageno 0'>
   <div class='ocr_carea' id='block_1_1' title="bbox 308 189 1423 255">
    <p class='ocr_par' dir='ltr' id='par_1_1' title="bbox 308 189 1423 255">
     <span class='ocr_line' id='line_1_1' title="bbox 308 189 1423 255; baseline -0.007 -16"><span class='ocrx_word' id='word_1_1' title='bbox 308 194 471 255; x_wconf 24' lang='lat' dir='ltr'><strong>IANST.</strong></span> <span class='ocrx_word' id='word_1_2' title='bbox 505 190 784 238; x_wconf 86' lang='lat' dir='ltr'>ORATOR.</span> <span class='ocrx_word' id='word_1_3' title='bbox 819 191 942 236; x_wconf 85' lang='lat' dir='ltr'><strong>LIB.</strong></span> <span class='ocrx_word' id='word_1_4' title='bbox 977 190 1087 247; x_wconf 56' lang='lat'>111,‘</span> <span class='ocrx_word' id='word_1_5' title='bbox 1113 205 1187 233; x_wconf 80' lang='grc' dir='ltr'>ιι.</span> <span class='ocrx_word' id='word_1_6' title='bbox 1326 189 1423 249; x_wconf 83' lang='lat'>619</span> 
     </span>
    </p>
   </div>
   <div class='ocr_carea' id='block_1_2' title="bbox 78 313 1496 694">
    <p class='ocr_par' dir='ltr' id='par_1_2' title="bbox 78 313 1496 694">
     <span class='ocr_line' id='line_1_2' title="bbox 84 313 1425 384; baseline -0.007 -12"><span class='ocrx_word' id='word_1_7' title='bbox 84 320 276 375; x_wconf 77' lang='lat' dir='ltr'>militis</span> <span class='ocrx_word' id='word_1_8' title='bbox 322 320 553 378; x_wconf 69' lang='lat' dir='ltr'>Ammoi,</span> <span class='ocrx_word' id='word_1_9' title='bbox 621 319 716 384; x_wconf 83' lang='lat' dir='ltr'>qui</span> <span class='ocrx_word' id='word_1_10' title='bbox 759 318 818 368; x_wconf 90' lang='lat' dir='ltr'>C.</span> <span class='ocrx_word' id='word_1_11' title='bbox 859 315 1082 367; x_wconf 86' lang='lat' dir='ltr'>Lufium</span> <span class='ocrx_word' id='word_1_12' title='bbox 1128 313 1425 374; x_wconf 84' lang='lat' dir='ltr'>tribunum,</span> 
     </span>
     <span class='ocr_line' id='line_1_3' title="bbox 86 385 1428 460; baseline -0.006 -12"><span class='ocrx_word' id='word_1_13' title='bbox 86 401 202 448; x_wconf 82' lang='lat' dir='ltr'>vim</span> <span class='ocrx_word' id='word_1_14' title='bbox 223 397 317 447; x_wconf 84' lang='lat' dir='ltr'>fibi</span> <span class='ocrx_word' id='word_1_15' title='bbox 342 385 683 454; x_wconf 78' lang='lat' dir='ltr'>inferentem,</span> <span class='ocrx_word' id='word_1_16' title='bbox 721 394 999 452; x_wconf 77' lang='lat' dir='ltr'>interfecit,</span> <span class='ocrx_word' id='word_1_17' title='bbox 1039 391 1292 460; x_wconf 86' lang='lat' dir='ltr'>quaestio,</span> <span class='ocrx_word' id='word_1_18' title='bbox 1332 391 1428 442; x_wconf 85' lang='lat' dir='ltr'>An</span> 
     </span>
     <span class='ocr_line' id='line_1_4' title="bbox 78 465 1427 546; baseline -0.004 -22"><span class='ocrx_word' id='word_1_19' title='bbox 78 475 203 542; x_wconf 76' lang='lat' dir='ltr'>jure</span> <span class='ocrx_word' id='word_1_20' title='bbox 236 472 472 546; x_wconf 76' lang='lat' dir='ltr'>fecerit?</span> <span class='ocrx_word' id='word_1_21' title='bbox 521 475 680 532; x_wconf 85' lang='lat' dir='ltr'>ratio,</span> <span class='ocrx_word' id='word_1_22' title='bbox 747 473 886 540; x_wconf 78' lang='lat' dir='ltr'>quod</span> <span class='ocrx_word' id='word_1_23' title='bbox 920 475 962 522; x_wconf 85' lang='lat' dir='ltr'>is</span> <span class='ocrx_word' id='word_1_24' title='bbox 996 474 1105 522; x_wconf 80' lang='lat' dir='ltr'>vim</span> <span class='ocrx_word' id='word_1_25' title='bbox 1150 465 1427 543; x_wconf 79' lang='lat' dir='ltr'>afferebat.</span> 
     </span>
     <span class='ocr_line' id='line_1_5' title="bbox 88 547 1430 614; baseline -0.005 -12"><span class='ocrx_word' id='word_1_26' title='bbox 88 553 373 614; x_wconf 81' lang='lat' dir='ltr'>judicatio,</span> <span class='ocrx_word' id='word_1_27' title='bbox 421 552 515 603; x_wconf 84' lang='lat' dir='ltr'>An</span> <span class='ocrx_word' id='word_1_28' title='bbox 549 552 916 608; x_wconf 75' lang='lat' dir='ltr'>indemnatum,</span> <span class='ocrx_word' id='word_1_29' title='bbox 965 569 1034 599; x_wconf 81' lang='lat' dir='ltr'>cm</span> <span class='ocrx_word' id='word_1_30' title='bbox 1079 547 1360 599; x_wconf 82' lang='lat' dir='ltr'><em>Tribunum</em></span> <span class='ocrx_word' id='word_1_31' title='bbox 1393 564 1430 595; x_wconf 85' lang='lat' dir='ltr'><strong><em>a</em></strong></span> 
     </span>
     <span class='ocr_line' id='line_1_6' title="bbox 88 624 1496 694; baseline -0.005 -16"><span class='ocrx_word' id='word_1_32' title='bbox 88 630 247 680; x_wconf 73' lang='lat' dir='ltr'>milite</span> <span class='ocrx_word' id='word_1_33' title='bbox 274 630 433 683; x_wconf 83' lang='lat' dir='ltr'>occidi</span> <span class='ocrx_word' id='word_1_34' title='bbox 459 630 778 694; x_wconf 75' lang='lat' dir='ltr'><em>oportuerit?</em></span> <span class='ocrx_word' id='word_1_35' title='bbox 819 629 1052 678; x_wconf 87' lang='lat' dir='ltr'>Alterius</span> <span class='ocrx_word' id='word_1_36' title='bbox 1081 628 1242 676; x_wconf 87' lang='lat' dir='ltr'>etiam</span> <span class='ocrx_word' id='word_1_37' title='bbox 1272 624 1430 675; x_wconf 85' lang='lat' dir='ltr'>status</span> <span class='ocrx_word' id='word_1_38' title='bbox 1445 642 1496 681; x_wconf 78' lang='lat'>15</span> 
     </span>
    </p>
   </div>
   <div class='ocr_carea' id='block_1_3' title="bbox 87 770 1447 1839">
    <p class='ocr_par' dir='ltr' id='par_1_3' title="bbox 87 770 1443 1444">
     <span class='ocr_line' id='line_1_7' title="bbox 89 770 1432 823; baseline -0.004 -13"><span class='ocrx_word' id='word_1_39' title='bbox 89 785 131 810; x_wconf 80' lang='lat' dir='ltr'>ut</span> <span class='ocrx_word' id='word_1_40' title='bbox 151 774 391 810; x_wconf 79' lang='lat' dir='ltr'>neceffarinm</span> <span class='ocrx_word' id='word_1_41' title='bbox 410 787 486 810; x_wconf 89' lang='lat' dir='ltr'>non</span> <span class='ocrx_word' id='word_1_42' title='bbox 506 784 622 823; x_wconf 73' lang='lat' dir='ltr'>put03</span> <span class='ocrx_word' id='word_1_43' title='bbox 655 775 755 810; x_wconf 81' lang='lat' dir='ltr'>velut</span> <span class='ocrx_word' id='word_1_44' title='bbox 782 783 905 809; x_wconf 83' lang='lat' dir='ltr'>tamen</span> <span class='ocrx_word' id='word_1_45' title='bbox 926 772 1114 809; x_wconf 80' lang='lat' dir='ltr'>manifesto</span> <span class='ocrx_word' id='word_1_46' title='bbox 1134 771 1277 808; x_wconf 80' lang='lat' dir='ltr'>falsum.</span> <span class='ocrx_word' id='word_1_47' title='bbox 1335 770 1432 810; x_wconf 84' lang='lat' dir='ltr'>Jens.</span> 
     </span>
     <span class='ocr_line' id='line_1_8' title="bbox 87 827 1435 880; baseline -0.003 -15"><span class='ocrx_word' id='word_1_48' title='bbox 87 829 190 877; x_wconf 84' lang='lat' dir='ltr'>(tac.</span> <span class='ocrx_word' id='word_1_49' title='bbox 213 832 350 879; x_wconf 88' lang='lat' dir='ltr'>Gesn.)</span> <span class='ocrx_word' id='word_1_50' title='bbox 383 844 467 867; x_wconf 91' lang='lat' dir='ltr'>cum</span> <span class='ocrx_word' id='word_1_51' title='bbox 495 834 630 871; x_wconf 61' lang='lat' dir='ltr'>Tarm,</span> <span class='ocrx_word' id='word_1_52' title='bbox 669 842 752 866; x_wconf 81' lang='lat' dir='ltr'>ante</span> <span class='ocrx_word' id='word_1_53' title='bbox 783 831 870 870; x_wconf 77' lang='lat' dir='ltr'>Vel,</span> <span class='ocrx_word' id='word_1_54' title='bbox 902 843 972 879; x_wconf 78' lang='lat' dir='ltr'>pro</span> <span class='ocrx_word' id='word_1_55' title='bbox 986 829 1041 880; x_wconf 87' lang='lat' dir='ltr'>fic</span> <span class='ocrx_word' id='word_1_56' title='bbox 1071 830 1132 865; x_wconf 84' lang='lat' dir='ltr'>dat</span> <span class='ocrx_word' id='word_1_57' title='bbox 1145 828 1203 880; x_wconf 84' lang='lat' dir='ltr'>fi,</span> <span class='ocrx_word' id='word_1_58' title='bbox 1232 827 1333 877; x_wconf 83' lang='lat' dir='ltr'>quod</span> <span class='ocrx_word' id='word_1_59' title='bbox 1355 838 1435 862; x_wconf 82' lang='lat' dir='ltr'>cor-</span> 
     </span>
     <span class='ocr_line' id='line_1_9' title="bbox 88 883 1436 939; baseline -0.005 -14"><span class='ocrx_word' id='word_1_60' title='bbox 88 887 191 925; x_wconf 72' lang='lat' dir='ltr'>texit</span> <span class='ocrx_word' id='word_1_61' title='bbox 210 887 373 939; x_wconf 76' lang='lat' dir='ltr'>Regius,</span> <span class='ocrx_word' id='word_1_62' title='bbox 404 888 462 925; x_wconf 85' lang='lat' dir='ltr'>sed</span> <span class='ocrx_word' id='word_1_63' title='bbox 473 887 528 939; x_wconf 84' lang='lat' dir='ltr'>fic</span> <span class='ocrx_word' id='word_1_64' title='bbox 546 889 586 923; x_wconf 88' lang='lat' dir='ltr'>in</span> <span class='ocrx_word' id='word_1_65' title='bbox 606 888 700 925; x_wconf 86' lang='lat' dir='ltr'>Cod.</span> <span class='ocrx_word' id='word_1_66' title='bbox 721 887 816 924; x_wconf 88' lang='lat' dir='ltr'>Vall.</span> <span class='ocrx_word' id='word_1_67' title='bbox 839 887 908 922; x_wconf 78' lang='lat' dir='ltr'>effe</span> <span class='ocrx_word' id='word_1_68' title='bbox 935 897 1061 921; x_wconf 77' lang='lat' dir='ltr'>narrat</span> <span class='ocrx_word' id='word_1_69' title='bbox 1080 887 1170 922; x_wconf 80' lang='lat' dir='ltr'><strong>Bad.</strong></span> <span class='ocrx_word' id='word_1_70' title='bbox 1192 898 1260 921; x_wconf 86' lang='lat' dir='ltr'>nec</span> <span class='ocrx_word' id='word_1_71' title='bbox 1281 885 1321 919; x_wconf 87' lang='lat' dir='ltr'>in</span> <span class='ocrx_word' id='word_1_72' title='bbox 1343 883 1436 930; x_wconf 81' lang='lat' dir='ltr'>ullo,</span> 
     </span>
     <span class='ocr_line' id='line_1_10' title="bbox 89 940 1440 994; baseline -0.007 -9"><span class='ocrx_word' id='word_1_73' title='bbox 89 940 207 994; x_wconf 56' lang='lat' dir='ltr'>Puto,</span> <span class='ocrx_word' id='word_1_74' title='bbox 249 944 370 980; x_wconf 81' lang='lat' dir='ltr'>aliter.</span> <span class='ocrx_word' id='word_1_75' title='bbox 652 946 774 981; x_wconf 83' lang='lat' dir='ltr'>militis</span> <span class='ocrx_word' id='word_1_76' title='bbox 793 946 939 980; x_wconf 81' lang='lat' dir='ltr'>Arunci.</span> <span class='ocrx_word' id='word_1_77' title='bbox 999 943 1126 979; x_wconf 79' lang='lat' dir='ltr'>Turic-</span> <span class='ocrx_word' id='word_1_78' title='bbox 1150 943 1309 982; x_wconf 68' lang='lat' dir='ltr'>amanti,</span> <span class='ocrx_word' id='word_1_79' title='bbox 1351 952 1440 975; x_wconf 85' lang='lat' dir='ltr'>cum</span> 
     </span>
     <span class='ocr_line' id='line_1_11' title="bbox 90 995 1442 1046; baseline -0.004 -9"><span class='ocrx_word' id='word_1_80' title='bbox 90 999 200 1037; x_wconf 80' lang='lat' dir='ltr'>Bodl.</span> <span class='ocrx_word' id='word_1_81' title='bbox 261 1000 331 1036; x_wconf 85' lang='lat' dir='ltr'>Sed</span> <span class='ocrx_word' id='word_1_82' title='bbox 362 999 488 1038; x_wconf 78' lang='lat' dir='ltr'>Guelf.</span> <span class='ocrx_word' id='word_1_83' title='bbox 514 1000 659 1037; x_wconf 75' lang='lat' dir='ltr'>Arantii</span> <span class='ocrx_word' id='word_1_84' title='bbox 690 1013 775 1036; x_wconf 85' lang='lat' dir='ltr'>cum</span> <span class='ocrx_word' id='word_1_85' title='bbox 808 1003 918 1036; x_wconf 88' lang='lat' dir='ltr'>Bern.</span> <span class='ocrx_word' id='word_1_86' title='bbox 951 1001 1052 1039; x_wconf 80' lang='lat' dir='ltr'>Voss.</span> <span class='ocrx_word' id='word_1_87' title='bbox 1082 1013 1113 1035; x_wconf 86' lang='lat'>1.</span> <span class='ocrx_word' id='word_1_88' title='bbox 1139 1009 1175 1046; x_wconf 81' lang='lat'>3.</span> <span class='ocrx_word' id='word_1_89' title='bbox 1207 999 1302 1044; x_wconf 78' lang='lat' dir='ltr'>(nisi</span> <span class='ocrx_word' id='word_1_90' title='bbox 1337 995 1442 1045; x_wconf 78' lang='lat' dir='ltr'>quod</span> 
     </span>
     <span class='ocr_line' id='line_1_12' title="bbox 90 1052 1442 1106; baseline -0.003 -14"><span class='ocrx_word' id='word_1_91' title='bbox 90 1054 156 1092; x_wconf 82' lang='lat' dir='ltr'>hic</span> <span class='ocrx_word' id='word_1_92' title='bbox 173 1072 190 1093; x_wconf 86' lang='lat' dir='ltr'><strong>c</strong></span> <span class='ocrx_word' id='word_1_93' title='bbox 210 1068 280 1106; x_wconf 79' lang='lat' dir='ltr'>pro</span> <span class='ocrx_word' id='word_1_94' title='bbox 297 1059 344 1102; x_wconf 87' lang='lat' dir='ltr'>t).</span> <span class='ocrx_word' id='word_1_95' title='bbox 401 1055 502 1093; x_wconf 81' lang='lat' dir='ltr'><strong>Alm.</strong></span> <span class='ocrx_word' id='word_1_96' title='bbox 523 1057 638 1093; x_wconf 86' lang='lat' dir='ltr'>Goth.</span> <span class='ocrx_word' id='word_1_97' title='bbox 660 1057 761 1095; x_wconf 73' lang='lat' dir='ltr'>Voss‘.</span> <span class='ocrx_word' id='word_1_98' title='bbox 784 1068 820 1092; x_wconf 86' lang='lat'>2.</span> <span class='ocrx_word' id='word_1_99' title='bbox 843 1057 1003 1093; x_wconf 81' lang='lat' dir='ltr'>nostram</span> <span class='ocrx_word' id='word_1_100' title='bbox 1022 1057 1111 1092; x_wconf 85' lang='lat' dir='ltr'>dant</span> <span class='ocrx_word' id='word_1_101' title='bbox 1133 1068 1219 1092; x_wconf 87' lang='lat' dir='ltr'>cum</span> <span class='ocrx_word' id='word_1_102' title='bbox 1244 1054 1325 1091; x_wconf 87' lang='lat' dir='ltr'>edd.</span> <span class='ocrx_word' id='word_1_103' title='bbox 1346 1052 1442 1089; x_wconf 69' lang='lat' dir='ltr'>meio</span> 
     </span>
     <span class='ocr_line' id='line_1_13' title="bbox 91 1113 1441 1163; baseline -0.003 -15"><span class='ocrx_word' id='word_1_104' title='bbox 91 1122 176 1148; x_wconf 67' lang='lat' dir='ltr'>ante</span> <span class='ocrx_word' id='word_1_105' title='bbox 197 1113 387 1149; x_wconf 80' lang='lat' dir='ltr'>Stoerium</span> <span class='ocrx_word' id='word_1_106' title='bbox 407 1113 581 1150; x_wconf 85' lang='lat' dir='ltr'>omnibus</span> <span class='ocrx_word' id='word_1_107' title='bbox 594 1140 603 1153; x_wconf 88' lang='lat'><em>‚</em></span> <span class='ocrx_word' id='word_1_108' title='bbox 635 1123 785 1163; x_wconf 82' lang='lat' dir='ltr'>excepta</span> <span class='ocrx_word' id='word_1_109' title='bbox 805 1114 894 1150; x_wconf 86' lang='lat' dir='ltr'><strong>Bad.</strong></span> <span class='ocrx_word' id='word_1_110' title='bbox 915 1126 972 1163; x_wconf 88' lang='lat' dir='ltr'>pr.</span> <span class='ocrx_word' id='word_1_111' title='bbox 993 1127 1087 1162; x_wconf 84' lang='lat' dir='ltr'>quae</span> <span class='ocrx_word' id='word_1_112' title='bbox 1107 1114 1266 1148; x_wconf 76' lang='lat' dir='ltr'>Aur-unci</span> <span class='ocrx_word' id='word_1_113' title='bbox 1300 1115 1318 1156; x_wconf 92' lang='lat'>(</span> <span class='ocrx_word' id='word_1_114' title='bbox 1328 1120 1371 1146; x_wconf 90' lang='lat' dir='ltr'>ut</span> <span class='ocrx_word' id='word_1_115' title='bbox 1402 1118 1441 1145; x_wconf 85' lang='lat' dir='ltr'>et</span> 
     </span>
     <span class='ocr_line' id='line_1_14' title="bbox 91 1165 1439 1220; baseline -0.003 -15"><span class='ocrx_word' id='word_1_116' title='bbox 91 1170 236 1220; x_wconf 70' lang='lat' dir='ltr'>Regius</span> <span class='ocrx_word' id='word_1_117' title='bbox 254 1170 294 1205; x_wconf 88' lang='lat' dir='ltr'>in</span> <span class='ocrx_word' id='word_1_118' title='bbox 313 1170 440 1214; x_wconf 81' lang='lat' dir='ltr'>notis)</span> <span class='ocrx_word' id='word_1_119' title='bbox 466 1171 627 1219; x_wconf 82' lang='lat' dir='ltr'>praefert</span> <span class='ocrx_word' id='word_1_120' title='bbox 648 1181 684 1206; x_wconf 92' lang='lat' dir='ltr'>et</span> <span class='ocrx_word' id='word_1_121' title='bbox 708 1172 784 1207; x_wconf 83' lang='lat' dir='ltr'>Bas.</span> <span class='ocrx_word' id='word_1_122' title='bbox 805 1184 899 1220; x_wconf 84' lang='lat' dir='ltr'>quae</span> <span class='ocrx_word' id='word_1_123' title='bbox 910 1173 1067 1206; x_wconf 82' lang='lat' dir='ltr'>Aruncii.</span> <span class='ocrx_word' id='word_1_124' title='bbox 1127 1172 1169 1204; x_wconf 80' lang='lat' dir='ltr'>In</span> <span class='ocrx_word' id='word_1_125' title='bbox 1191 1178 1295 1203; x_wconf 80' lang='lat' dir='ltr'>tanto</span> <span class='ocrx_word' id='word_1_126' title='bbox 1319 1165 1439 1203; x_wconf 86' lang='lat' dir='ltr'>Codd.</span> 
     </span>
     <span class='ocr_line' id='line_1_15' title="bbox 93 1225 1442 1278; baseline -0.003 -16"><span class='ocrx_word' id='word_1_127' title='bbox 93 1226 266 1262; x_wconf 80' lang='lat' dir='ltr'>consensu</span> <span class='ocrx_word' id='word_1_128' title='bbox 283 1225 419 1278; x_wconf 83' lang='lat' dir='ltr'>religio</span> <span class='ocrx_word' id='word_1_129' title='bbox 446 1225 526 1262; x_wconf 84' lang='lat' dir='ltr'>fuit</span> <span class='ocrx_word' id='word_1_130' title='bbox 550 1228 651 1275; x_wconf 86' lang='lat' dir='ltr'>sequi</span> <span class='ocrx_word' id='word_1_131' title='bbox 680 1227 902 1263; x_wconf 82' lang='lat' dir='ltr'>recentiores</span> <span class='ocrx_word' id='word_1_132' title='bbox 934 1227 1001 1274; x_wconf 87' lang='lat' dir='ltr'>qui</span> <span class='ocrx_word' id='word_1_133' title='bbox 1028 1225 1109 1275; x_wconf 81' lang='lat' dir='ltr'>post</span> <span class='ocrx_word' id='word_1_134' title='bbox 1127 1225 1313 1262; x_wconf 85' lang='lat' dir='ltr'>Stoerium</span> <span class='ocrx_word' id='word_1_135' title='bbox 1335 1235 1442 1272; x_wconf 87' lang='lat' dir='ltr'>repo-</span> 
     </span>
     <span class='ocr_line' id='line_1_16' title="bbox 93 1278 1443 1332; baseline -0.001 -16"><span class='ocrx_word' id='word_1_136' title='bbox 93 1290 190 1317; x_wconf 82' lang='lat' dir='ltr'>nunt</span> <span class='ocrx_word' id='word_1_137' title='bbox 209 1281 255 1316; x_wconf 85' lang='lat' dir='ltr'>ad</span> <span class='ocrx_word' id='word_1_138' title='bbox 271 1294 392 1318; x_wconf 86' lang='lat' dir='ltr'>unum</span> <span class='ocrx_word' id='word_1_139' title='bbox 412 1294 562 1318; x_wconf 85' lang='lat' dir='ltr'>omnes:</span> <span class='ocrx_word' id='word_1_140' title='bbox 590 1285 756 1319; x_wconf 81' lang='lat' dir='ltr'>Mariani</span> <span class='ocrx_word' id='word_1_141' title='bbox 767 1309 778 1323; x_wconf 87' lang='lat'>‚</span> <span class='ocrx_word' id='word_1_142' title='bbox 807 1284 985 1332; x_wconf 83' lang='lat' dir='ltr'>scriptura</span> <span class='ocrx_word' id='word_1_143' title='bbox 1015 1281 1117 1318; x_wconf 79' lang='lat' dir='ltr'>facili</span> <span class='ocrx_word' id='word_1_144' title='bbox 1139 1283 1219 1318; x_wconf 86' lang='lat' dir='ltr'>sane</span> <span class='ocrx_word' id='word_1_145' title='bbox 1241 1281 1286 1315; x_wconf 82' lang='lat' dir='ltr'>ad</span> <span class='ocrx_word' id='word_1_146' title='bbox 1305 1278 1443 1315; x_wconf 83' lang='lat' dir='ltr'>intelli-</span> 
     </span>
     <span class='ocr_line' id='line_1_17' title="bbox 93 1335 1442 1389; baseline -0.001 -15"><span class='ocrx_word' id='word_1_147' title='bbox 93 1337 272 1389; x_wconf 77' lang='lat' dir='ltr'>gendum,</span> <span class='ocrx_word' id='word_1_148' title='bbox 299 1339 359 1375; x_wconf 78' lang='lat' dir='ltr'>fed</span> <span class='ocrx_word' id='word_1_149' title='bbox 378 1348 527 1375; x_wconf 77' lang='lat' dir='ltr'>auctore</span> <span class='ocrx_word' id='word_1_150' title='bbox 548 1338 699 1374; x_wconf 84' lang='lat' dir='ltr'>subnixa</span> <span class='ocrx_word' id='word_1_151' title='bbox 718 1339 838 1375; x_wconf 85' lang='lat' dir='ltr'>nullo.</span> <span class='ocrx_word' id='word_1_152' title='bbox 897 1339 1008 1388; x_wconf 82' lang='lat' dir='ltr'>Quod</span> <span class='ocrx_word' id='word_1_153' title='bbox 1027 1339 1130 1374; x_wconf 87' lang='lat' dir='ltr'>enim</span> <span class='ocrx_word' id='word_1_154' title='bbox 1146 1341 1277 1374; x_wconf 71' lang='lat' dir='ltr'>Ioann-</span> <span class='ocrx_word' id='word_1_155' title='bbox 1302 1346 1339 1372; x_wconf 82' lang='lat' dir='ltr'>et</span> <span class='ocrx_word' id='word_1_156' title='bbox 1359 1335 1442 1372; x_wconf 80' lang='lat' dir='ltr'><strong>Bal.</strong></span> 
     </span>
     <span class='ocr_line' id='line_1_18' title="bbox 94 1393 990 1444; baseline 0.002 -15"><span class='ocrx_word' id='word_1_157' title='bbox 94 1393 248 1433; x_wconf 72' lang='lat' dir='ltr'>silentur</span> <span class='ocrx_word' id='word_1_158' title='bbox 275 1408 297 1432; x_wconf 74' lang='lat' dir='ltr'>a</span> <span class='ocrx_word' id='word_1_159' title='bbox 328 1394 514 1435; x_wconf 82' lang='lat' dir='ltr'>Gibsono‚</span> <span class='ocrx_word' id='word_1_160' title='bbox 552 1408 718 1431; x_wconf 79' lang='lat' dir='ltr'>errorem</span> <span class='ocrx_word' id='word_1_161' title='bbox 748 1397 990 1444; x_wconf 86' lang='lat' dir='ltr'>interpretor.</span> 
     </span>
    </p>

    <p class='ocr_par' dir='ltr' id='par_1_4' title="bbox 96 1448 1447 1668">
     <span class='ocr_line' id='line_1_19' title="bbox 185 1448 1445 1500; baseline 0 -14"><span class='ocrx_word' id='word_1_162' title='bbox 185 1451 224 1486; x_wconf 87' lang='lat' dir='ltr'>G.</span> <span class='ocrx_word' id='word_1_163' title='bbox 244 1448 409 1500; x_wconf 79' lang='lat' dir='ltr'><em>Lufium.</em></span> <span class='ocrx_word' id='word_1_164' title='bbox 467 1450 591 1486; x_wconf 78' lang='lat' dir='ltr'>Guelf.</span> <span class='ocrx_word' id='word_1_165' title='bbox 620 1450 772 1500; x_wconf 74' lang='lat' dir='ltr'>luffium.</span> <span class='ocrx_word' id='word_1_166' title='bbox 831 1453 890 1487; x_wconf 85' lang='lat' dir='ltr'>An</span> <span class='ocrx_word' id='word_1_167' title='bbox 913 1451 1040 1487; x_wconf 86' lang='lat' dir='ltr'>voluit</span> <span class='ocrx_word' id='word_1_168' title='bbox 1069 1449 1246 1487; x_wconf 76' lang='lat' dir='ltr'>librarius</span> <span class='ocrx_word' id='word_1_169' title='bbox 1273 1450 1375 1498; x_wconf 86' lang='lat' dir='ltr'>quod</span> <span class='ocrx_word' id='word_1_170' title='bbox 1396 1449 1445 1486; x_wconf 77' lang='lat' dir='ltr'>est</span> 
     </span>
     <span class='ocr_line' id='line_1_20' title="bbox 96 1505 1446 1557; baseline 0.001 -16"><span class='ocrx_word' id='word_1_171' title='bbox 96 1505 195 1555; x_wconf 68' lang='lat' dir='ltr'>apud</span> <span class='ocrx_word' id='word_1_172' title='bbox 214 1505 338 1544; x_wconf 75' lang='lat' dir='ltr'>Valer-</span> <span class='ocrx_word' id='word_1_173' title='bbox 362 1508 465 1542; x_wconf 76' lang='lat' dir='ltr'><strong>Max.</strong></span> <span class='ocrx_word' id='word_1_174' title='bbox 486 1505 692 1554; x_wconf 76' lang='lat' dir='ltr'><em>Luscium?</em></span> <span class='ocrx_word' id='word_1_175' title='bbox 729 1508 854 1543; x_wconf 86' lang='lat' dir='ltr'>Turic.</span> <span class='ocrx_word' id='word_1_176' title='bbox 880 1507 1029 1557; x_wconf 76' lang='lat' dir='ltr'>lufiun,</span> <span class='ocrx_word' id='word_1_177' title='bbox 1058 1519 1078 1541; x_wconf 81' lang='lat' dir='ltr'><strong>a</strong></span> <span class='ocrx_word' id='word_1_178' title='bbox 1097 1520 1210 1542; x_wconf 84' lang='lat' dir='ltr'>manu</span> <span class='ocrx_word' id='word_1_179' title='bbox 1232 1508 1296 1543; x_wconf 86' lang='lat' dir='ltr'>sec.</span> <span class='ocrx_word' id='word_1_180' title='bbox 1319 1517 1446 1542; x_wconf 82' lang='lat' dir='ltr'>autem</span> 
     </span>
     <span class='ocr_line' id='line_1_21' title="bbox 97 1561 1447 1612; baseline -0.001 -13"><span class='ocrx_word' id='word_1_181' title='bbox 97 1561 239 1612; x_wconf 80' lang='lat' dir='ltr'><em>Lifiam</em></span> <span class='ocrx_word' id='word_1_182' title='bbox 268 1561 370 1610; x_wconf 84' lang='lat' dir='ltr'>qnod</span> <span class='ocrx_word' id='word_1_183' title='bbox 391 1563 432 1597; x_wconf 85' lang='lat' dir='ltr'>in</span> <span class='ocrx_word' id='word_1_184' title='bbox 453 1561 560 1599; x_wconf 87' lang='lat' dir='ltr'>Bodl.</span> <span class='ocrx_word' id='word_1_185' title='bbox 593 1563 640 1598; x_wconf 85' lang='lat' dir='ltr'>est</span> <span class='ocrx_word' id='word_1_186' title='bbox 672 1564 792 1599; x_wconf 86' lang='lat' dir='ltr'>etiam.</span> <span class='ocrx_word' id='word_1_187' title='bbox 845 1566 1072 1599; x_wconf 80' lang='lat' dir='ltr'>Praenomen</span> <span class='ocrx_word' id='word_1_188' title='bbox 1103 1563 1219 1599; x_wconf 83' lang='lat' dir='ltr'>abesIe</span> <span class='ocrx_word' id='word_1_189' title='bbox 1242 1563 1398 1600; x_wconf 83' lang='lat' dir='ltr'>videtur</span> <span class='ocrx_word' id='word_1_190' title='bbox 1425 1575 1447 1598; x_wconf 82' lang='lat' dir='ltr'>a</span> 
     </span>
     <span class='ocr_line' id='line_1_22' title="bbox 100 1617 1177 1668; baseline 0 -13"><span class='ocrx_word' id='word_1_191' title='bbox 100 1618 220 1655; x_wconf 78' lang='lat' dir='ltr'>codd.</span> <span class='ocrx_word' id='word_1_192' title='bbox 241 1617 430 1659; x_wconf 83' lang='lat' dir='ltr'>omnibus,</span> <span class='ocrx_word' id='word_1_193' title='bbox 459 1629 502 1654; x_wconf 88' lang='lat' dir='ltr'>ut</span> <span class='ocrx_word' id='word_1_194' title='bbox 521 1618 615 1654; x_wconf 81' lang='lat' dir='ltr'>abest</span> <span class='ocrx_word' id='word_1_195' title='bbox 637 1619 681 1655; x_wconf 87' lang='lat' dir='ltr'>ab</span> <span class='ocrx_word' id='word_1_196' title='bbox 702 1620 783 1655; x_wconf 79' lang='lat' dir='ltr'>edd.</span> <span class='ocrx_word' id='word_1_197' title='bbox 806 1621 898 1655; x_wconf 86' lang='lat' dir='ltr'>meis</span> <span class='ocrx_word' id='word_1_198' title='bbox 923 1630 1006 1655; x_wconf 83' lang='lat' dir='ltr'>ante</span> <span class='ocrx_word' id='word_1_199' title='bbox 1030 1620 1177 1668; x_wconf 80' lang='lat' dir='ltr'>Gryph.</span> 
     </span>
    </p>

    <p class='ocr_par' dir='ltr' id='par_1_5' title="bbox 99 1675 1447 1839">
     <span class='ocr_line' id='line_1_23' title="bbox 185 1675 1447 1728; baseline 0 -17"><span class='ocrx_word' id='word_1_200' title='bbox 185 1678 397 1722; x_wconf 77' lang='lat' dir='ltr'>oportuerit.</span> <span class='ocrx_word' id='word_1_201' title='bbox 457 1676 564 1711; x_wconf 86' lang='lat' dir='ltr'>Gesn.</span> <span class='ocrx_word' id='word_1_202' title='bbox 598 1676 639 1710; x_wconf 86' lang='lat' dir='ltr'>in</span> <span class='ocrx_word' id='word_1_203' title='bbox 665 1678 762 1716; x_wconf 91' lang='lat' dir='ltr'>Jens.</span> <span class='ocrx_word' id='word_1_204' title='bbox 794 1675 871 1728; x_wconf 79' lang='lat' dir='ltr'>legi</span> <span class='ocrx_word' id='word_1_205' title='bbox 903 1677 1046 1712; x_wconf 77' lang='lat' dir='ltr'>hbucrit</span> <span class='ocrx_word' id='word_1_206' title='bbox 1068 1676 1156 1712; x_wconf 81' lang='lat' dir='ltr'>falso</span> <span class='ocrx_word' id='word_1_207' title='bbox 1176 1686 1319 1715; x_wconf 77' lang='lat' dir='ltr'>narrat,</span> <span class='ocrx_word' id='word_1_208' title='bbox 1345 1685 1382 1710; x_wconf 84' lang='lat' dir='ltr'>et</span> <span class='ocrx_word' id='word_1_209' title='bbox 1403 1675 1447 1711; x_wconf 85' lang='lat' dir='ltr'>in</span> 
     </span>
     <span class='ocr_line' id='line_1_24' title="bbox 99 1731 1446 1783; baseline -0.001 -15"><span class='ocrx_word' id='word_1_210' title='bbox 99 1732 178 1781; x_wconf 82' lang='lat' dir='ltr'>ipso</span> <span class='ocrx_word' id='word_1_211' title='bbox 198 1731 313 1767; x_wconf 91' lang='lat' dir='ltr'>Goth.</span> <span class='ocrx_word' id='word_1_212' title='bbox 332 1731 422 1767; x_wconf 79' lang='lat' dir='ltr'>haee</span> <span class='ocrx_word' id='word_1_213' title='bbox 439 1744 531 1771; x_wconf 80' lang='lat' dir='ltr'>vox,</span> <span class='ocrx_word' id='word_1_214' title='bbox 556 1744 648 1780; x_wconf 84' lang='lat' dir='ltr'>quae</span> <span class='ocrx_word' id='word_1_215' title='bbox 673 1746 736 1782; x_wconf 87' lang='lat' dir='ltr'>per</span> <span class='ocrx_word' id='word_1_216' title='bbox 756 1745 922 1768; x_wconf 79' lang='lat' dir='ltr'>errorem</span> <span class='ocrx_word' id='word_1_217' title='bbox 942 1735 1058 1783; x_wconf 79' lang='lat' dir='ltr'>posita</span> <span class='ocrx_word' id='word_1_218' title='bbox 1079 1743 1168 1774; x_wconf 78' lang='lat' dir='ltr'>erat,</span> <span class='ocrx_word' id='word_1_219' title='bbox 1196 1732 1347 1783; x_wconf 70' lang='lat' dir='ltr'>punctis</span> <span class='ocrx_word' id='word_1_220' title='bbox 1365 1731 1446 1768; x_wconf 78' lang='lat' dir='ltr'>[ub-</span> 
     </span>
     <span class='ocr_line' id='line_1_25' title="bbox 100 1787 888 1839; baseline 0.001 -15"><span class='ocrx_word' id='word_1_221' title='bbox 100 1788 244 1838; x_wconf 78' lang='lat' dir='ltr'>l&#39;eriptis</span> <span class='ocrx_word' id='word_1_222' title='bbox 263 1787 384 1824; x_wconf 69' lang='lat' dir='ltr'>deleta</span> <span class='ocrx_word' id='word_1_223' title='bbox 405 1789 465 1828; x_wconf 84' lang='lat' dir='ltr'>est,</span> <span class='ocrx_word' id='word_1_224' title='bbox 494 1798 530 1824; x_wconf 89' lang='lat' dir='ltr'>et</span> <span class='ocrx_word' id='word_1_225' title='bbox 550 1791 707 1838; x_wconf 77' lang='lat' dir='ltr'>reposita</span> <span class='ocrx_word' id='word_1_226' title='bbox 731 1799 888 1839; x_wconf 84' lang='lat' dir='ltr'>recepta.</span> 
     </span>
    </p>
   </div>
   <div class='ocr_carea' id='block_1_4' title="bbox 54 1913 751 2359">
    <p class='ocr_par' dir='ltr' id='par_1_6' title="bbox 105 1913 751 2022">
     <span class='ocr_line' id='line_1_26' title="bbox 158 1913 751 1963; baseline -0.002 -14"><span class='ocrx_word' id='word_1_227' title='bbox 158 1913 282 1949; x_wconf 75' lang='lat' dir='ltr'>militis</span> <span class='ocrx_word' id='word_1_228' title='bbox 291 1933 347 1942; x_wconf 93' lang='lat'>--</span> <span class='ocrx_word' id='word_1_229' title='bbox 358 1913 548 1963; x_wconf 74' lang='lat' dir='ltr'>interfecit.</span> <span class='ocrx_word' id='word_1_230' title='bbox 587 1913 751 1950; x_wconf 78' lang='lat' dir='ltr'>Historia</span> 
     </span>
     <span class='ocr_line' id='line_1_27' title="bbox 105 1970 749 2022; baseline 0 -16"><span class='ocrx_word' id='word_1_231' title='bbox 105 1970 273 2022; x_wconf 81' lang='lat' dir='ltr'>tangitur</span> <span class='ocrx_word' id='word_1_232' title='bbox 300 1984 320 2006; x_wconf 85' lang='lat' dir='ltr'>a</span> <span class='ocrx_word' id='word_1_233' title='bbox 351 1970 532 2007; x_wconf 76' lang='lat' dir='ltr'>Cicerone</span> <span class='ocrx_word' id='word_1_234' title='bbox 559 1973 631 2006; x_wconf 79' lang='lat' dir='ltr'>Pro</span> <span class='ocrx_word' id='word_1_235' title='bbox 662 1970 749 2007; x_wconf 82' lang='lat' dir='ltr'>Mil.</span> 
     </span>
    </p>

    <p class='ocr_par' dir='ltr' id='par_1_7' title="bbox 54 2026 750 2359">
     <span class='ocr_line' id='line_1_28' title="bbox 105 2026 747 2075; baseline 0 -13"><span class='ocrx_word' id='word_1_236' title='bbox 105 2039 135 2063; x_wconf 72' lang='lat' dir='ltr'>e.</span> <span class='ocrx_word' id='word_1_237' title='bbox 158 2035 198 2075; x_wconf 79' lang='lat'>4.</span> <span class='ocrx_word' id='word_1_238' title='bbox 228 2036 266 2062; x_wconf 91' lang='lat' dir='ltr'>et</span> <span class='ocrx_word' id='word_1_239' title='bbox 285 2026 369 2066; x_wconf 84' lang='lat' dir='ltr'><strong>Val.</strong></span> <span class='ocrx_word' id='word_1_240' title='bbox 399 2029 502 2063; x_wconf 85' lang='lat' dir='ltr'><strong>Max.</strong></span> <span class='ocrx_word' id='word_1_241' title='bbox 526 2026 573 2067; x_wconf 88' lang='lat'>6,</span> <span class='ocrx_word' id='word_1_242' title='bbox 608 2041 651 2067; x_wconf 88' lang='lat'>1,</span> <span class='ocrx_word' id='word_1_243' title='bbox 688 2037 747 2062; x_wconf 80' lang='lat'>12.</span> 
     </span>
     <span class='ocr_line' id='line_1_29' title="bbox 54 2076 748 2120; baseline -0.003 0"><span class='ocrx_word' id='word_1_244' title='bbox 54 2076 56 2078; x_wconf 17' lang='lat' dir='ltr'>V</span> <span class='ocrx_word' id='word_1_245' title='bbox 104 2093 278 2120; x_wconf 76' lang='lat' dir='ltr'>narratur</span> <span class='ocrx_word' id='word_1_246' title='bbox 303 2093 428 2119; x_wconf 81' lang='lat' dir='ltr'>autem</span> <span class='ocrx_word' id='word_1_247' title='bbox 445 2097 465 2119; x_wconf 87' lang='lat' dir='ltr'>a</span> <span class='ocrx_word' id='word_1_248' title='bbox 486 2083 687 2119; x_wconf 81' lang='lat' dir='ltr'>Plutarcho</span> <span class='ocrx_word' id='word_1_249' title='bbox 707 2084 748 2118; x_wconf 90' lang='lat' dir='ltr'>in</span> 
     </span>
     <span class='ocr_line' id='line_1_30' title="bbox 103 2140 747 2190; baseline 0.002 -16"><span class='ocrx_word' id='word_1_250' title='bbox 103 2141 232 2178; x_wconf 83' lang='lat' dir='ltr'>Mario</span> <span class='ocrx_word' id='word_1_251' title='bbox 262 2153 300 2190; x_wconf 86' lang='lat' dir='ltr'>p.</span> <span class='ocrx_word' id='word_1_252' title='bbox 331 2147 413 2188; x_wconf 76' lang='lat'>413</span> <span class='ocrx_word' id='word_1_253' title='bbox 445 2142 489 2176; x_wconf 89' lang='grc' dir='ltr'>Β.</span> <span class='ocrx_word' id='word_1_254' title='bbox 521 2143 562 2177; x_wconf 86' lang='lat' dir='ltr'>C.</span> <span class='ocrx_word' id='word_1_255' title='bbox 596 2142 647 2176; x_wconf 90' lang='lat' dir='ltr'>D.</span> <span class='ocrx_word' id='word_1_256' title='bbox 680 2140 747 2188; x_wconf 90' lang='lat' dir='ltr'>qui</span> 
     </span>
     <span class='ocr_line' id='line_1_31' title="bbox 105 2196 748 2236; baseline -0.002 -4"><span class='ocrx_word' id='word_1_257' title='bbox 105 2196 303 2232; x_wconf 71' lang='lat' dir='ltr'>tribunum</span> <span class='ocrx_word' id='word_1_258' title='bbox 331 2196 464 2232; x_wconf 87' lang='lat' dir='ltr'>itidem</span> <span class='ocrx_word' id='word_1_259' title='bbox 506 2199 548 2234; x_wconf 88' lang='lat' dir='ltr'>C.</span> <span class='ocrx_word' id='word_1_260' title='bbox 579 2199 748 2236; x_wconf 78' lang='lat' dir='ltr'>Lusium,</span> 
     </span>
     <span class='ocr_line' id='line_1_32' title="bbox 104 2253 750 2302; baseline 0 -14"><span class='ocrx_word' id='word_1_261' title='bbox 104 2253 267 2291; x_wconf 75' lang='lat' dir='ltr'>militem</span> <span class='ocrx_word' id='word_1_262' title='bbox 290 2263 415 2289; x_wconf 80' lang='lat' dir='ltr'>autem</span> <span class='ocrx_word' id='word_1_263' title='bbox 437 2253 668 2289; x_wconf 83' lang='lat' dir='ltr'>Trebonium</span> <span class='ocrx_word' id='word_1_264' title='bbox 689 2267 750 2302; x_wconf 83' lang='lat' dir='ltr'>ap-</span> 
     </span>
     <span class='ocr_line' id='line_1_33' title="bbox 104 2309 750 2359; baseline 0.002 -15"><span class='ocrx_word' id='word_1_265' title='bbox 104 2309 231 2359; x_wconf 77' lang='lat' dir='ltr'>pellat,</span> <span class='ocrx_word' id='word_1_266' title='bbox 260 2322 344 2345; x_wconf 86' lang='lat' dir='ltr'>cum</span> <span class='ocrx_word' id='word_1_267' title='bbox 363 2310 426 2346; x_wconf 81' lang='lat' dir='ltr'>hic</span> <span class='ocrx_word' id='word_1_268' title='bbox 435 2310 583 2346; x_wconf 73' lang='lat' dir='ltr'>Valetio</span> <span class='ocrx_word' id='word_1_269' title='bbox 605 2312 647 2347; x_wconf 91' lang='lat' dir='ltr'>C.</span> <span class='ocrx_word' id='word_1_270' title='bbox 669 2309 750 2345; x_wconf 87' lang='lat' dir='ltr'>Plo-</span> 
     </span>
    </p>
   </div>
   <div class='ocr_carea' id='block_1_5' title="bbox 40 2365 750 2403">
    <p class='ocr_par' dir='ltr' id='par_1_8' title="bbox 40 2365 750 2403">
     <span class='ocr_line' id='line_1_34' title="bbox 40 2365 750 2403; baseline 0.003 -3"><span class='ocrx_word' id='word_1_271' title='bbox 40 2393 43 2403; x_wconf 86' lang='lat'><em>.</em></span> <span class='ocrx_word' id='word_1_272' title='bbox 106 2365 184 2401; x_wconf 81' lang='lat' dir='ltr'>tius</span> <span class='ocrx_word' id='word_1_273' title='bbox 210 2365 348 2401; x_wconf 82' lang='lat' dir='ltr'>audiat.</span> <span class='ocrx_word' id='word_1_274' title='bbox 408 2369 556 2402; x_wconf 85' lang='lat' dir='ltr'>Tractat</span> <span class='ocrx_word' id='word_1_275' title='bbox 576 2380 654 2402; x_wconf 84' lang='lat' dir='ltr'>eam</span> <span class='ocrx_word' id='word_1_276' title='bbox 674 2379 750 2402; x_wconf 84' lang='lat' dir='ltr'>ma-</span> 
     </span>
    </p>
   </div>
   <div class='ocr_carea' id='block_1_6' title="bbox 105 2414 758 2815">
    <p class='ocr_par' dir='ltr' id='par_1_9' title="bbox 105 2414 758 2815">
     <span class='ocr_line' id='line_1_35' title="bbox 106 2414 750 2460; baseline 0.002 -3"><span class='ocrx_word' id='word_1_277' title='bbox 106 2414 239 2458; x_wconf 69' lang='lat' dir='ltr'>teriain</span> <span class='ocrx_word' id='word_1_278' title='bbox 262 2424 371 2459; x_wconf 79' lang='lat' dir='ltr'>tertia</span> <span class='ocrx_word' id='word_1_279' title='bbox 392 2423 491 2458; x_wconf 84' lang='lat' dir='ltr'>inter</span> <span class='ocrx_word' id='word_1_280' title='bbox 502 2423 750 2460; x_wconf 75' lang='lat' dir='ltr'>Declamatio-</span> 
     </span>
     <span class='ocr_line' id='line_1_36' title="bbox 105 2479 750 2526; baseline 0.002 -12"><span class='ocrx_word' id='word_1_281' title='bbox 105 2491 172 2514; x_wconf 83' lang='lat' dir='ltr'>nes</span> <span class='ocrx_word' id='word_1_282' title='bbox 185 2479 460 2526; x_wconf 77' lang='lat' dir='ltr'>Quintilianeas.</span> <span class='ocrx_word' id='word_1_283' title='bbox 518 2483 580 2516; x_wconf 92' lang='lat' dir='ltr'>De</span> <span class='ocrx_word' id='word_1_284' title='bbox 600 2481 750 2515; x_wconf 83' lang='lat' dir='ltr'>natione</span> 
     </span>
     <span class='ocr_line' id='line_1_37' title="bbox 106 2534 752 2588; baseline 0.003 -18"><span class='ocrx_word' id='word_1_285' title='bbox 106 2534 253 2575; x_wconf 76' lang='lat' dir='ltr'>militis,</span> <span class='ocrx_word' id='word_1_286' title='bbox 283 2549 396 2584; x_wconf 85' lang='lat' dir='ltr'>quam</span> <span class='ocrx_word' id='word_1_287' title='bbox 407 2538 478 2584; x_wconf 84' lang='lat' dir='ltr'>Qu.</span> <span class='ocrx_word' id='word_1_288' title='bbox 499 2538 671 2588; x_wconf 82' lang='lat' dir='ltr'>designat,</span> <span class='ocrx_word' id='word_1_289' title='bbox 689 2550 752 2572; x_wconf 84' lang='lat' dir='ltr'>ne·</span> 
     </span>
     <span class='ocr_line' id='line_1_38' title="bbox 108 2594 752 2640; baseline 0.003 -14"><span class='ocrx_word' id='word_1_290' title='bbox 108 2603 174 2627; x_wconf 79' lang='lat' dir='ltr'>mo</span> <span class='ocrx_word' id='word_1_291' title='bbox 215 2602 414 2640; x_wconf 81' lang='lat' dir='ltr'>praeterea.</span> <span class='ocrx_word' id='word_1_292' title='bbox 470 2594 590 2629; x_wconf 85' lang='lat' dir='ltr'>Potest</span> <span class='ocrx_word' id='word_1_293' title='bbox 627 2603 752 2628; x_wconf 82' lang='lat' dir='ltr'>autem</span> 
     </span>
     <span class='ocr_line' id='line_1_39' title="bbox 110 2646 754 2690; baseline -0.002 -5"><span class='ocrx_word' id='word_1_294' title='bbox 110 2646 176 2685; x_wconf 77' lang='lat' dir='ltr'>vel</span> <span class='ocrx_word' id='word_1_295' title='bbox 213 2649 435 2690; x_wconf 79' lang='lat' dir='ltr'><strong>Auruncus,</strong></span> <span class='ocrx_word' id='word_1_296' title='bbox 483 2651 578 2686; x_wconf 83' lang='lat' dir='ltr'>civis</span> <span class='ocrx_word' id='word_1_297' title='bbox 611 2650 754 2685; x_wconf 78' lang='lat' dir='ltr'>Suessae</span> 
     </span>
     <span class='ocr_line' id='line_1_40' title="bbox 113 2706 756 2750; baseline 0.005 -12"><span class='ocrx_word' id='word_1_298' title='bbox 113 2706 329 2744; x_wconf 72' lang='lat' dir='ltr'>Auruncae,</span> <span class='ocrx_word' id='word_1_299' title='bbox 358 2708 376 2750; x_wconf 88' lang='lat'><strong>(</strong></span> <span class='ocrx_word' id='word_1_300' title='bbox 386 2718 470 2742; x_wconf 87' lang='lat' dir='ltr'>nam</span> <span class='ocrx_word' id='word_1_301' title='bbox 489 2706 528 2741; x_wconf 91' lang='lat' dir='ltr'>id</span> <span class='ocrx_word' id='word_1_302' title='bbox 547 2719 684 2741; x_wconf 89' lang='lat' dir='ltr'>nomen</span> <span class='ocrx_word' id='word_1_303' title='bbox 706 2716 756 2741; x_wconf 88' lang='lat' dir='ltr'>et-</span> 
     </span>
     <span class='ocr_line' id='line_1_41' title="bbox 115 2757 758 2815; baseline 0.008 -22"><span class='ocrx_word' id='word_1_304' title='bbox 115 2757 192 2793; x_wconf 82' lang='lat' dir='ltr'>iam</span> <span class='ocrx_word' id='word_1_305' title='bbox 213 2762 287 2795; x_wconf 85' lang='lat' dir='ltr'>fine</span> <span class='ocrx_word' id='word_1_306' title='bbox 298 2761 550 2815; x_wconf 83' lang='lat' dir='ltr'>Diphthongo</span> <span class='ocrx_word' id='word_1_307' title='bbox 571 2763 758 2804; x_wconf 78' lang='lat' dir='ltr'>scribitur,</span> 
     </span>
    </p>
   </div>
   <div class='ocr_carea' id='block_1_7' title="bbox 804 1913 1454 2246">
    <p class='ocr_par' dir='ltr' id='par_1_10' title="bbox 804 1913 1454 2246">
     <span class='ocr_line' id='line_1_42' title="bbox 805 1913 1450 1961; baseline 0.002 -12"><span class='ocrx_word' id='word_1_308' title='bbox 805 1913 886 1950; x_wconf 84' lang='lat' dir='ltr'>vid.</span> <span class='ocrx_word' id='word_1_309' title='bbox 910 1915 999 1951; x_wconf 88' lang='lat' dir='ltr'>Liv.</span> <span class='ocrx_word' id='word_1_310' title='bbox 1019 1914 1210 1952; x_wconf 81' lang='lat' dir='ltr'>Drakenb.</span> <span class='ocrx_word' id='word_1_311' title='bbox 1235 1923 1273 1955; x_wconf 85' lang='lat'>2,</span> <span class='ocrx_word' id='word_1_312' title='bbox 1297 1913 1360 1954; x_wconf 80' lang='lat'>16,</span> <span class='ocrx_word' id='word_1_313' title='bbox 1390 1915 1450 1961; x_wconf 84' lang='grc'>8.)</span> 
     </span>
     <span class='ocr_line' id='line_1_43' title="bbox 804 1971 1452 2023; baseline 0.002 -17"><span class='ocrx_word' id='word_1_314' title='bbox 804 1971 990 2023; x_wconf 76' lang='lat' dir='ltr'>intellig-i,</span> <span class='ocrx_word' id='word_1_315' title='bbox 1027 1971 1092 2007; x_wconf 87' lang='lat' dir='ltr'>vel</span> <span class='ocrx_word' id='word_1_316' title='bbox 1109 1972 1319 2012; x_wconf 71' lang='lat' dir='ltr'>Ammius,</span> <span class='ocrx_word' id='word_1_317' title='bbox 1346 1972 1452 2020; x_wconf 83' lang='lat' dir='ltr'>oppi-</span> 
     </span>
     <span class='ocr_line' id='line_1_44' title="bbox 806 2027 1452 2078; baseline 0 -16"><span class='ocrx_word' id='word_1_318' title='bbox 806 2028 855 2063; x_wconf 90' lang='lat' dir='ltr'>do</span> <span class='ocrx_word' id='word_1_319' title='bbox 888 2030 1083 2077; x_wconf 78' lang='lat' dir='ltr'>Hispaniae</span> <span class='ocrx_word' id='word_1_320' title='bbox 1122 2041 1239 2078; x_wconf 82' lang='lat' dir='ltr'>prope</span> <span class='ocrx_word' id='word_1_321' title='bbox 1266 2027 1452 2077; x_wconf 81' lang='lat' dir='ltr'>Hispalim</span> 
     </span>
     <span class='ocr_line' id='line_1_45' title="bbox 806 2083 1454 2134; baseline 0.002 -16"><span class='ocrx_word' id='word_1_322' title='bbox 806 2085 1003 2125; x_wconf 81' lang='lat' dir='ltr'>oriundus,</span> <span class='ocrx_word' id='word_1_323' title='bbox 1031 2085 1134 2133; x_wconf 81' lang='lat' dir='ltr'>quod</span> <span class='ocrx_word' id='word_1_324' title='bbox 1147 2086 1310 2121; x_wconf 70' lang='lat' dir='ltr'><em>Aruacos</em></span> <span class='ocrx_word' id='word_1_325' title='bbox 1329 2083 1454 2134; x_wconf 84' lang='lat' dir='ltr'>appel·</span> 
     </span>
     <span class='ocr_line' id='line_1_46' title="bbox 804 2140 1449 2186; baseline 0 -10"><span class='ocrx_word' id='word_1_326' title='bbox 804 2140 855 2176; x_wconf 81' lang='lat' dir='ltr'>lat</span> <span class='ocrx_word' id='word_1_327' title='bbox 884 2141 1026 2177; x_wconf 80' lang='lat' dir='ltr'>Plinius</span> <span class='ocrx_word' id='word_1_328' title='bbox 1056 2144 1106 2177; x_wconf 90' lang='lat' dir='ltr'>H.</span> <span class='ocrx_word' id='word_1_329' title='bbox 1141 2143 1193 2180; x_wconf 89' lang='lat' dir='ltr'>N.</span> <span class='ocrx_word' id='word_1_330' title='bbox 1227 2151 1265 2186; x_wconf 81' lang='lat'>5,</span> <span class='ocrx_word' id='word_1_331' title='bbox 1300 2154 1318 2176; x_wconf 79' lang='grc' dir='ltr'>ι</span> <span class='ocrx_word' id='word_1_332' title='bbox 1352 2150 1449 2177; x_wconf 82' lang='lat' dir='ltr'>extr.</span> 
     </span>
     <span class='ocr_line' id='line_1_47' title="bbox 804 2192 1141 2246; baseline 0.006 -14"><span class='ocrx_word' id='word_1_333' title='bbox 804 2192 944 2246; x_wconf 75' lang='lat' dir='ltr'>reliqui</span> <span class='ocrx_word' id='word_1_334' title='bbox 972 2200 1141 2234; x_wconf 83' lang='lat' dir='ltr'>Aruccos.</span> 
     </span>
    </p>
   </div>
   <div class='ocr_carea' id='block_1_8' title="bbox 805 2309 1458 2809">
    <p class='ocr_par' dir='ltr' id='par_1_11' title="bbox 805 2309 1458 2809">
     <span class='ocr_line' id='line_1_48' title="bbox 861 2309 1454 2360; baseline 0.002 -14"><span class='ocrx_word' id='word_1_335' title='bbox 861 2312 934 2346; x_wconf 78' lang='lat' dir='ltr'>vim</span> <span class='ocrx_word' id='word_1_336' title='bbox 972 2311 1160 2360; x_wconf 84' lang='lat' dir='ltr'>afferebat.</span> <span class='ocrx_word' id='word_1_337' title='bbox 1228 2310 1349 2347; x_wconf 79' lang='lat' dir='ltr'>Potest</span> <span class='ocrx_word' id='word_1_338' title='bbox 1375 2309 1454 2346; x_wconf 60' lang='lat' dir='ltr'>&#39;mi-</span> 
     </span>
     <span class='ocr_line' id='line_1_49' title="bbox 805 2366 1453 2417; baseline 0 -15"><span class='ocrx_word' id='word_1_339' title='bbox 805 2379 892 2402; x_wconf 83' lang='lat' dir='ltr'>rum</span> <span class='ocrx_word' id='word_1_340' title='bbox 903 2367 1028 2403; x_wconf 83' lang='lat' dir='ltr'>videri</span> <span class='ocrx_word' id='word_1_341' title='bbox 1049 2368 1180 2417; x_wconf 82' lang='lat' dir='ltr'>afferre</span> <span class='ocrx_word' id='word_1_342' title='bbox 1191 2368 1271 2417; x_wconf 86' lang='lat' dir='ltr'>poft</span> <span class='ocrx_word' id='word_1_343' title='bbox 1289 2367 1330 2403; x_wconf 88' lang='lat' dir='ltr'>id</span> <span class='ocrx_word' id='word_1_344' title='bbox 1349 2366 1453 2416; x_wconf 83' lang='lat' dir='ltr'>quod</span> 
     </span>
     <span class='ocr_line' id='line_1_50' title="bbox 805 2423 1454 2472; baseline 0.002 -14"><span class='ocrx_word' id='word_1_345' title='bbox 805 2424 920 2458; x_wconf 88' lang='lat' dir='ltr'>modo</span> <span class='ocrx_word' id='word_1_346' title='bbox 940 2434 1015 2459; x_wconf 82' lang='lat' dir='ltr'>erat</span> <span class='ocrx_word' id='word_1_347' title='bbox 1035 2423 1256 2472; x_wconf 71' lang='lat' dir='ltr'>inferentem.</span> <span class='ocrx_word' id='word_1_348' title='bbox 1294 2424 1365 2460; x_wconf 85' lang='lat' dir='ltr'>Sed</span> <span class='ocrx_word' id='word_1_349' title='bbox 1381 2426 1454 2459; x_wconf 80' lang='lat' dir='ltr'>vim</span> 
     </span>
     <span class='ocr_line' id='line_1_51' title="bbox 808 2479 1452 2530; baseline -0.005 -14"><span class='ocrx_word' id='word_1_350' title='bbox 808 2481 985 2530; x_wconf 82' lang='lat' dir='ltr'>afferebat</span> <span class='ocrx_word' id='word_1_351' title='bbox 1017 2482 1057 2516; x_wconf 87' lang='lat' dir='ltr'>in</span> <span class='ocrx_word' id='word_1_352' title='bbox 1087 2480 1156 2516; x_wconf 72' lang='lat' dir='ltr'>hac</span> <span class='ocrx_word' id='word_1_353' title='bbox 1190 2482 1266 2530; x_wconf 87' lang='lat' dir='ltr'>ipsa</span> <span class='ocrx_word' id='word_1_354' title='bbox 1302 2479 1452 2517; x_wconf 86' lang='lat' dir='ltr'>historia</span> 
     </span>
     <span class='ocr_line' id='line_1_52' title="bbox 810 2536 1452 2587; baseline -0.005 -13"><span class='ocrx_word' id='word_1_355' title='bbox 810 2538 941 2574; x_wconf 86' lang='lat' dir='ltr'>Cicero</span> <span class='ocrx_word' id='word_1_356' title='bbox 969 2536 995 2573; x_wconf 89' lang='lat' dir='ltr'>l.</span> <span class='ocrx_word' id='word_1_357' title='bbox 1027 2551 1057 2573; x_wconf 89' lang='lat' dir='ltr'>e.</span> <span class='ocrx_word' id='word_1_358' title='bbox 1088 2538 1180 2573; x_wconf 87' lang='lat' dir='ltr'>item</span> <span class='ocrx_word' id='word_1_359' title='bbox 1213 2538 1342 2587; x_wconf 83' lang='lat' dir='ltr'>Quint.</span> <span class='ocrx_word' id='word_1_360' title='bbox 1374 2539 1452 2573; x_wconf 85' lang='lat' dir='ltr'>De·</span> 
     </span>
     <span class='ocr_line' id='line_1_53' title="bbox 810 2593 1451 2645; baseline 0 -17"><span class='ocrx_word' id='word_1_361' title='bbox 810 2593 916 2629; x_wconf 86' lang='lat' dir='ltr'><strong>clam.</strong></span> <span class='ocrx_word' id='word_1_362' title='bbox 943 2603 979 2638; x_wconf 78' lang='lat'>3,</span> <span class='ocrx_word' id='word_1_363' title='bbox 1006 2605 1052 2628; x_wconf 84' lang='lat'>12</span> <span class='ocrx_word' id='word_1_364' title='bbox 1084 2607 1121 2642; x_wconf 85' lang='lat' dir='ltr'>p.</span> <span class='ocrx_word' id='word_1_365' title='bbox 1142 2603 1196 2638; x_wconf 89' lang='lat'>50</span> <span class='ocrx_word' id='word_1_366' title='bbox 1216 2597 1289 2630; x_wconf 82' lang='lat' dir='ltr'>vim</span> <span class='ocrx_word' id='word_1_367' title='bbox 1305 2595 1451 2645; x_wconf 78' lang='lat' dir='ltr'>afferes.</span> 
     </span>
     <span class='ocr_line' id='line_1_54' title="bbox 811 2650 1457 2700; baseline 0.002 -14"><span class='ocrx_word' id='word_1_368' title='bbox 811 2651 871 2686; x_wconf 85' lang='lat' dir='ltr'>Sic</span> <span class='ocrx_word' id='word_1_369' title='bbox 891 2651 991 2698; x_wconf 82' lang='lat' dir='ltr'>saepe</span> <span class='ocrx_word' id='word_1_370' title='bbox 1011 2651 1162 2687; x_wconf 87' lang='lat' dir='ltr'>Cicero:</span> <span class='ocrx_word' id='word_1_371' title='bbox 1203 2665 1326 2688; x_wconf 86' lang='lat' dir='ltr'>manus</span> <span class='ocrx_word' id='word_1_372' title='bbox 1347 2650 1457 2700; x_wconf 81' lang='lat' dir='ltr'>affer-</span> 
     </span>
     <span class='ocr_line' id='line_1_55' title="bbox 813 2706 1458 2758; baseline -0.002 -17"><span class='ocrx_word' id='word_1_373' title='bbox 813 2720 863 2742; x_wconf 79' lang='lat' dir='ltr'>re.</span> <span class='ocrx_word' id='word_1_374' title='bbox 905 2706 1066 2758; x_wconf 82' lang='lat' dir='ltr'>Ablegat</span> <span class='ocrx_word' id='word_1_375' title='bbox 1094 2710 1225 2744; x_wconf 86' lang='lat' dir='ltr'>Burm.</span> <span class='ocrx_word' id='word_1_376' title='bbox 1257 2707 1304 2743; x_wconf 73' lang='lat' dir='ltr'>ad</span> <span class='ocrx_word' id='word_1_377' title='bbox 1328 2706 1458 2743; x_wconf 75' lang='lat' dir='ltr'>Heius.</span> 
     </span>
     <span class='ocr_line' id='line_1_56' title="bbox 814 2763 1373 2809; baseline -0.004 -9"><span class='ocrx_word' id='word_1_378' title='bbox 814 2763 857 2800; x_wconf 86' lang='lat' dir='ltr'>in</span> <span class='ocrx_word' id='word_1_379' title='bbox 881 2763 999 2801; x_wconf 78' lang='lat' dir='ltr'>Ovid.</span> <span class='ocrx_word' id='word_1_380' title='bbox 1019 2763 1177 2803; x_wconf 78' lang='lat' dir='ltr'>Heroid.</span> <span class='ocrx_word' id='word_1_381' title='bbox 1203 2774 1275 2809; x_wconf 78' lang='lat'>17,</span> <span class='ocrx_word' id='word_1_382' title='bbox 1306 2772 1373 2799; x_wconf 66' lang='grc' dir='ltr'>ει.</span> 
     </span>
    </p>
   </div>
  </div>
 </body>
</html>
