1656 2990
228 169 319 202 Lv1
663 158 1109 219 PRAEFATm.
1171 202 1176 204 Δ
1329 180 1359 203 s

234 281 458 330 VenetiiS
476 296 570 346 per
590 281 848 331 Bonetum
866 283 1189 331 Locatellum
1212 307 1275 317 --
1301 279 1453 327 Anno
1471 303 1532 329 —,-

308 369 383 416 M.
410 371 599 419 CCCC.
624 372 840 419 LXCIII.
878 373 1004 418 XVI.
1050 368 1299 417 Kalendas
1325 366 1535 414 Sextiles

308 457 360 503 F.
418 458 852 506 Recte‘Metarius
878 459 936 506 in
953 458 1134 506 Anii-al.
1163 467 1271 520 typ.
1314 459 1462 503 Tom.
1496 469 1538 500 1.

307 560 355 610 p.
393 557 514 603 559.
547 556 728 594 monet
758 547 816 592 in
849 546 950 593 hoc
981 546 1136 593 titulo
1164 541 1408 592 mendose
1442 558 1540 588 nu-

309 633 590 680 meralibus
616 631 773 679 inseri
795 633 996 679 literam
1013 635 1070 680 L.
1145 629 1229 680 Est
1259 632 1400 678 enim
1419 629 1541 677 anni

313 724 467 780 1495.
528 723 570 767 E
603 720 728 767 bibl.
761 719 927 784 Regia
948 719 1113 768 Berol.

236 858 367 907 Ibid.
404 876 499 924 per
529 862 868 925 Peregrinum
899 861 964 908 de
994 859 1326 924 Pasqualibus
1355 857 1420 907 cle
1446 858 1546 906 Bo-

312 948 473 996 nonia
496 950 650 996 Anno
675 948 879 998 domini
904 950 979 997 M.
1008 949 1196 997 CCCC.
1225 943 1538 998 IXXXXIIII.

315 1037 418 1084 nie
435 1034 842 1100 XVIIIAugusti.
883 1039 935 1084 F.
994 1039 1034 1082 E
1057 1016 1181 1082 bibl.
1205 1032 1542 1098 Regiasserol.
1584 1088 1590 1091 A

313 1124 396 1171 De
425 1123 521 1171 hac
544 1123 834 1171 identidem
864 1125 1052 1172 monui
1080 1122 1332 1187 quaedam
1363 1122 1422 1168 in
1452 1136 1549 1167 no-

315 1211 404 1267 tis,
442 1212 537 1260 ubi
568 1189 745 1260 minds
780 1228 902 1258 vere
935 1210 999 1259 de
1033 1227 1089 1257 ea
1117 1207 1311 1258 senfiffe
1344 1206 1548 1258 videre-

311 1309 400 1347 tur
426 1298 669 1348 Ernestus
703 1301 761 1347 in
791 1299 913 1347 bibl.
948 1299 1106 1346 latina
1139 1298 1283 1348 Fabr.

240 1427 371 1476 Ibid.
405 1445 504 1494 ope
537 1440 587 1478 et
619 1427 847 1494 impensa
875 1429 1086 1493 Georgii
1117 1428 1181 1475 de
1201 1425 1545 1476 Rusconibus.

315 1518 373 1564 A.
405 1520 469 1565 D.
506 1519 583 1566 M.
614 1519 848 1567 CCCCC.
872 1519 976 1564 XII.
1027 1519 1128 1563 Dte
1150 1518 1289 1563 XIIII
1315 1512 1550 1578 Augusti,

317 1606 586 1668 Regnante
628 1607 828 1670 inclyto
859 1605 1097 1666 Principe
1138 1601 1412 1651 Leonardo
1448 1605 1552 1650 Lo-

319 1691 528 1741 redano.
568 1697 620 1741 F.
676 1695 832 1742 Meus
860 1690 930 1739 est
965 1691 1110 1738 liber.
1178 1693 1260 1738 De
1293 1691 1388 1737 hac
1421 1707 1554 1754 quo-

323 1796 427 1843 que
469 1781 699 1829 editione
739 1796 851 1828 non
884 1794 1258 1842 usquequaque
1298 1787 1434 1826 recte
1470 1794 1556 1825 ex-

320 1869 472 1931 ponit
499 1867 754 1916 Ernestus.

249 1995 377 2043 Ibid.
415 1998 557 2061 apud
583 1997 790 2046 Aldum.
843 1998 918 2043 M.
940 1989 1011 2044 D.
1043 1996 1181 2042 XIIII
1216 1987 1307 2056 (in
1344 1993 1555 2044 Gesneri

324 2083 480 2148 praef.
515 2099 574 2143 15
592 2100 668 2131 12.
698 2101 792 2149 per
813 2082 1074 2148 sphalma)
1108 2088 1156 2145 4.
1215 2086 1256 2131 E
1280 2083 1402 2131 bibl.
1429 2086 1554 2148 Reg.

251 2193 461 2261 Parisiis.
540 2216 616 2277 In·
633 2213 844 2262 aedibus
872 2211 1182 2261 Ascenfianis
1211 2211 1275 2258 ad
1298 2211 1419 2259 Idus
1445 2215 1556 2263 lan-

325 2301 501 2348 nuarii
529 2302 604 2349 M.
635 2303 700 2348 D.
735 2303 861 2349 XVI.
891 2302 944 2348 F.
1008 2303 1049 2347 E
1072 2299 1195 2346 bibl.
1219 2300 1343 2362 Reg.
1403 2302 1558 2346 Hunc

324 2388 519 2435 librum
549 2372 576 2434 a
603 2386 652 2435 se
679 2398 949 2436 tractatum
976 2403 1086 2435 non
1109 2385 1287 2450 prodit
1310 2389 1562 2434 Burman-

327 2491 444 2531 nus,
484 2476 579 2538 qui
606 2484 776 2523 tamen
808 2474 1096 2523 identidem
1115 2474 1287 2537 aliqua
1310 2473 1510 2538 profert
1532 2489 1560 2520 e

329 2563 467 2613 notis
506 2561 686 2612 lodoci
725 2562 872 2612 Badii
909 2559 1150 2618 Ascenfii,
1219 2577 1350 2624 quae
1388 2561 1562 2626 potuit
