1656 2990
360 206 522 257 INST.
562 211 838 257 ORATOR.
876 212 996 256 LIB.
1028 212 1074 268 Ι,
1097 212 1142 257 6.
1185 283 1188 286 ⁴
1317 225 1412 272 159

71 339 244 390 trariis
281 339 456 404 aliqua
489 336 715 386 sinemus
752 337 926 386 trahi?
975 348 1039 386 ut
1069 339 1236 397 lucus,
1269 341 1411 404 quia,

69 417 258 467 umbra
282 432 502 482 opacus,
541 431 731 480 parum
759 414 959 462 luceat?
997 425 1047 463 et
1070 416 1243 474 ludus,
1282 418 1410 482 quia

67 494 131 544 fit
153 492 440 560 longiffime
469 493 531 541 ab
556 490 715 541 lusu?
755 503 805 540 et
824 493 997 550 Dicis,
1039 494 1165 558 quia
1185 494 1410 542 minime

67 605 264 654 suspicatus
293 613 368 638 erat
406 602 565 654 Regius,
604 612 727 637 notam
763 602 903 637 eruditi
937 602 1127 649 cujusdam
1162 603 1407 655 marginalem

65 661 115 697 ab
131 661 315 710 imperitis
337 659 528 695 contextui
548 660 710 694 sensuum
731 658 836 693 fuiffe
864 659 1046 694 insertam.
1105 659 1249 695 Absunt
1279 671 1406 695 autem

65 716 156 753 haee
183 716 296 752 verba
326 730 345 750 a
376 715 511 752 Codice
540 714 716 754 Vallenfi,
757 725 800 750 ut
827 715 942 750 refert
971 715 1128 755 Badius,
1155 716 1247 751 item
1282 730 1301 750 a
1331 719 1405 753 Go-

247 772 442 808 Silentium
462 784 605 810 eorum,
635 772 700 819 qui
721 770 980 810 coutulerunt,
1007 782 1116 806 etiam
1138 773 1238 809 Voss'.
1262 786 1402 814 omnes.

61 831 302 870 Beruenrem,
339 829 574 864 loannenrem
605 828 651 862 iis
683 841 803 863 carere
830 828 1018 878 fignificat.
1087 827 1148 863 Illi
1183 840 1304 864 tamen
1332 843 1403 882 ego

58 898 138 921 non.
165 886 233 921 nisa
260 885 305 920 de
331 885 430 923 Voff.
462 894 498 919 2.
531 894 567 919 et
597 887 784 919 Ioannenli
813 884 1047 920 crediderim.
1105 886 1205 922 Voss'.
1246 900 1277 920 ι.
1313 896 1335 930 5
1366 896 1404 922 et

55 943 169 978 Bern.
209 941 321 977 nimis
363 954 449 976 cum
492 939 616 976 Guelf.
660 939 775 975 [olent
813 940 943 975 facere.
1000 941 1125 976 Tul-ic.
1160 942 1296 978 omiffis
1329 946 1404 978 τοῖς

56 1010 94 1035 et
122 1018 179 1043 ὲ-
207 998 346 1046 volipes
372 997 498 1032 inserit
529 997 648 1044 spuria
677 997 750 1031 ista.
821 995 1035 1044 Gryphins,
1071 998 1211 1046 quique
1244 1011 1287 1033 eo
1320 1000 1403 1035 sunt

53 1054 275 1090 recentiores
297 1053 498 1088 constanter
519 1052 695 1088 videntur
716 1052 870 1086 omififfe
889 1051 1140 1088 alienissimnm
1171 1055 1398 1096 sententiam,

52 1123 174 1175 neque
203 1121 304 1150 erat,
331 1122 398 1144 cur
419 1108 629 1146 Obrechtns
648 1110 745 1155 quati
766 1108 992 1156 postliminio
1014 1123 1090 1144 eam
1113 1110 1341 1154 restitueret,
1332 1127 1340 1135 ·
1370 1115 1398 1150 fi

50 1167 221 1207 maxime
244 1166 286 1201 in
313 1167 612 1217 Argentoratenfi
645 1167 706 1200 suo
734 1164 1241 1204 inveniebat.1mn.utax1t
1273 1179 1396 1205 tamen

50 1222 115 1260 ille
133 1235 367 1274 magnopere,
368 1197 438 1256 ede
460 1222 678 1269 conjectura,
702 1222 848 1271 opinor.
900 1222 1034 1258 Libuit
1051 1223 1252 1273 hoc'pmlo
1273 1228 1398 1275 copio-

48 1282 120 1317 Iius
140 1291 345 1330 exponere,
375 1288 419 1314 ut
442 1279 580 1314 tirones
601 1278 779 1314 haberent
799 1279 1031 1315 manifestum
1053 1281 1190 1332 gloffue
1212 1281 1396 1334 longioxis

49 1336 282 1385 exemplum,
312 1336 565 1383 discerentque
593 1337 701 1371 etiam
718 1335 927 1372 ‘codicibus
949 1336 1134 1376 diffidere,
1164 1351 1250 1373 cum
1280 1340 1395 1377 nimis

48 1392 200 1429 absurda
228 1393 455 1442 praeferunt.
495 1393 540 1427 cf.
573 1402 650 1427 not.
681 1394 773 1429 Crit.
805 1392 850 1427 ad
884 1406 916 1432 1,
949 1400 987 1437 5,
1019 1404 1070 1442 29
1103 1397 1187 1443 quia
1218 1416 1273 1423 —-
1299 1397 1394 1433 alias

37 1461 180 1486 ⁴ret-mm
197 1449 260 1499 est.
455 1449 500 1484 ab
521 1447 614 1497 lusu.
645 1449 769 1484 Guelf.
792 1459 828 1484 et
848 1449 976 1485 Turic.
998 1464 1020 1485 a
1038 1449 1131 1499 lusu.
1158 1451 1270 1487 Goth.
1292 1452 1310 1498 (
1321 1462 1391 1490 tac.

48 1507 221 1551 Gesn.)ab
240 1505 326 1555 usu,
349 1517 433 1540 cum
454 1506 555 1542 Voss.
582 1519 615 1540 1.
637 1515 674 1549 5.
846 1506 953 1541 Ditis.
982 1508 1039 1541 Ita
1058 1507 1181 1542 Guelf.
1204 1519 1240 1544 et
1261 1510 1392 1546 Turio.

47 1575 130 1599 cum
161 1562 334 1612 plurimis
364 1562 482 1598 Codd.
512 1571 550 1597 et
571 1562 653 1596 edd.
676 1571 770 1596 vett.
829 1561 890 1597 Sic
912 1565 1185 1614 argumentatio
1204 1579 1223 1599 a
1242 1565 1390 1601 divitiis

44 1619 160 1668 petita
182 1619 315 1655 melius
335 1617 524 1666 procedit,
551 1631 662 1666 quam
683 1618 723 1652 in
742 1617 906 1670 vulgata,
939 1631 1032 1666 quae
1056 1621 1166 1655 etiam
1187 1622 1284 1670 apud
1305 1624 1389 1658 Ges.

43 1689 199 1716 nerum,
228 1677 305 1712 Dis.
335 1677 424 1710 licut
452 1685 490 1710 et
517 1674 659 1713 Valerii
687 1674 807 1710 Flacci
828 1686 875 1714 2,
907 1674 988 1724 296
1011 1677 1086 1711 dice
1098 1677 1222 1726 solum
1241 1678 1388 1715 facilius

42 1732 197 1769 deducas
225 1746 246 1767 a
276 1731 340 1766 tali
367 1730 578 1767 masculino..
637 1733 760 1767 Docet
780 1742 903 1767 autem
921 1732 1080 1767 formam
1106 1733 1386 1771 insolentiorem

39 1801 167 1827 veram
198 1788 350 1824 Senrius
382 1787 427 1822 ad
457 1787 611 1822 Aeneid.
645 1788 690 1826 6,
726 1796 816 1832 275.
872 1790 923 1823 Et
950 1801 1064 1837 pauca
1085 1791 1165 1824 sane
1185 1789 1264 1826 loca
1285 1792 1385 1840 apud

41 1845 204 1894 optimos
233 1845 425 1907 scriptores
456 1842 521 1879 ubi
543 1843 802 1881 nominativus
822 1841 988 1894 legatum
1019 1846 1206 1881 Ausonius
1228 1848 1383 1894 quidem

39 1901 236 1949 aliquoties
267 1902 332 1937 Dis
359 1900 400 1934 in
431 1900 612 1939 carmine,
642 1900 699 1935 sed
733 1909 770 1934 et
800 1900 875 1939 (lis,
915 1913 986 1948 pro
1017 1902 1115 1937 dives
1142 1903 1315 1951 appellati
1318 1917 1382 1944 vo,

38 1957 136 2006 apud
162 1959 310 1993 Terent.
325 1955 484 2004 Adelph
504 1965 541 2000 5,
569 1971 601 1995 ι,
623 1963 659 2002 ὅ.
701 1956 758 1992 Cf.
781 1957 865 1995 VV.
886 1957 978 1992 DD.
1001 1957 1045 1992 ad
1066 1959 1215 1994 Petron.
1239 1973 1269 1994 c.
1287 1971 1379 1995 120.

37 2013 104 2049 ubi
125 2015 218 2052 Ditis
236 2024 339 2062 pater
356 2022 458 2047 recto
480 2014 587 2047 casu
577 2027 616 2047 ιιι
638 2026 661 2047 v
667 2014 758 2049 ersu.

733 2101 778 2137 de
809 2103 855 2139 L.
884 2103 929 2137 L.
962 2115 998 2151 p.
1022 2108 1060 2148 8.
1093 2103 1159 2140 ubi
1190 2107 1327 2142 caelum
1359 2121 1380 2142 a

66 773 191 808 thano.

36 2103 239 2142 Oriebatur
261 2113 382 2137 nutem
402 2101 466 2136 illc
486 2116 609 2142 eir,or
630 2116 676 2138 ex

732 2159 903 2198 celando,

34 2160 119 2196 falsa
148 2159 406 2195 constitutione
427 2159 674 2207 praecedentis

33 2217 251 2256 sententiae,
285 2215 351 2251 ubi
380 2214 549 2266 legebant
578 2217 674 2251 Sitne

33 2293 87 2302 -
114 2285 248 2322 annpto
272 2274 325 2308 Sit
343 2274 434 2307 em'm
454 2293 507 2299 —
529 2273 608 2311 vel,
630 2281 673 2307 ut

32 2339 180 2379 utpparet
196 2332 322 2377 Etym.
356 2329 454 2365 Voff.
478 2341 570 2363 voce
585 2329 673 2364 Con·

27 2384 102 2435 sul.
131 2385 176 2420 cf.
194 2396 274 2421 not.
296 2385 390 2422 Crit.
410 2384 453 2418 nd
475 2385 508 2428 §.
525 2394 589 2428 52.
613 2387 666 2423 Sic

30 2443 135 2477 onim.
190 2441 374 2480 Varro'de
403 2441 448 2476 L.
469 2443 514 2476 L.
538 2454 574 2491 1>-
599 2452 664 2489 29.

29 2497 135 2546 prins
152 2506 303 2546 etymon
323 2508 421 2532 recte
439 2499 582 2544 rejicit,
601 2511 665 2546 po-

29 2550 156 2588 Rex‘im
175 2553 271 2591 male
286 2553 431 2603 probat.
461 2555 507 2589 cf.
522 2564 557 2588 et
568 2553 664 2590 Gen.

36 2615 161 2654 1‚1ss.

88 2665 203 2700 lucum·
242 2666 287 2700 In
306 2665 550 2714 proveibium
573 2665 666 2702 abiit

28 2717 120 2756 haec
139 2721 384 2772 etymologiae
403 2723 511 2756 ratio.
535 2722 665 2769 Aeque

27 2774 234 2813 mirabilem
262 2791 374 2828 paene
390 2778 524 2827 pxobat
543 2780 663 2819 Vane

934 2160 1061 2206 „quod
1093 2172 1263 2209 apertum
1293 2163 1381 2199 est.“

730 2215 791 2250 De
811 2214 890 2263 ipso
914 2225 1043 2264 etymo
1063 2218 1151 2252 vide
1168 2219 1320 2254 Lexica.

787 2273 904 2307 ludus.
963 2271 1233 2324 Intelligendus
1254 2275 1376 2327 igitur

729 2327 767 2363 h.
792 2327 816 2362 l.
848 2337 912 2362 aut
941 2327 1184 2380 gladiatorius
1206 2343 1270 2367 aut
1292 2331 1374 2368 lite·

722 2386 842 2419 rarius
861 2384 986 2419 ludus.
1019 2386 1093 2432 Qui
1114 2386 1186 2422 hoc
1203 2398 1372 2436 etymon,

720 2450 867 2491 plaeter
900 2443 994 2488 Ωιι,
1033 2441 1210 2484 referret,
1246 2440 1370 2480 adhue

719 2498 908 2533 neminem
942 2497 1085 2532 inveni.

778 2555 875 2588 Ditis
887 2572 941 2582 -
954 2554 1064 2590 dives.
1083 2553 1163 2590 vid.
1175 2565 1254 2591 not.
1268 2557 1366 2593 crit.

722 2609 782 2645 Ab
804 2610 888 2658 ipsis
909 2619 1036 2645 contra
1059 2610 1205 2646 divitiis
1228 2625 1368 2648 nomen

720 2666 858 2714 repetit
890 2667 1021 2702 Cicero
1053 2667 1099 2702 de
1131 2669 1218 2703 Nat.
1247 2670 1366 2706 Deor.

721 2733 758 2761 2,
786 2732 848 2769 29.
877 2723 944 2770 qni
974 2723 1117 2758 confert
1139 2725 1367 2760 Graecomm

719 2775 928 2819 Πλούτωνος.
957 2781 1007 2815 Et
1027 2779 1137 2818 bonis
1156 2782 1238 2817 sane
1256 2795 1367 2834 argu-
