1656 2990
363 243 526 287 INST.
565 240 843 315 ORATOtz.
880 239 1000 284 LIB.
1034 239 1085 294 I,
1125 239 1168 283 6.
1341 235 1432 294 169

88 355 272 432 “feras
299 367 424 415 licet
456 367 584 414 Cato
621 364 681 414 fit
712 376 918 424 auctor;
977 380 1075 426 nec
1111 360 1202 412 hos
1235 361 1436 418 lodices,

99 461 404 511 quanquam
438 443 496 491 id
524 445 759 493 Pollioni
787 444 985 509 placeat
996 459 1008 499 ;
1050 457 1147 488 nec
1179 437 1436 508 gladiola,

101 523 249 587 atqui
282 518 494 577 Mess'ala
521 519 677 580 dixin
722 538 818 569 nec
849 519 1248 585 parricidacum‚
1268 511 1438 580 *quod

100 599 162 648 in
202 599 383 649 Caelio
422 598 514 646 vix
552 599 824 647 tolerabile
862 596 1100 654 videtum
1154 611 1251 642 nec
1287 591 1441 642 collos

105 730 292 780 plerisque
321 729 438 766 Codd.
468 740 504 765 et
532 729 614 765 edd.
644 739 736 766 vett.
767 729 919 777 quidem
949 727 1134 764 omnibus.
1200 727 1334 773 Neque
1364 733 1443 760 erat

105 787 208 836 quod
227 787 337 838 Regii
359 787 628 833 conjecturam,
658 786 957 825 lura-,habandam
987 795 1062 820 tam
1083 783 1214 831 cupide
1235 782 1443 830 arliperent

108 843 268 879 editores
285 844 505 878 recentiores
527 855 665 880 omnes.
705 842 765 877 Est
784 843 883 877 enim
904 842 999 891 apud
1021 840 1246 889 Appuleium
1269 839 1323 875 On
1326 848 1372 872 at
1397 837 1443 871 de

109 890 248 951 Magia
255 902 290 935 S.
314 899 471 950 Apolbg.
493 901 536 934 T.
558 901 640 947 Bip.
664 910 699 934 2.
721 912 756 947 p.
779 905 830 943 80
855 899 1096 934 collurcinatio
1117 910 1161 931 ex
1184 895 1300 932 Codd.
1322 894 1446 929 defen-

108 957 188 992 sum
219 955 262 991 ab
281 954 553 990 Elmenhorfiio
566 981 575 995 ,
605 957 646 990 in
670 957 774 1001 cujus
795 955 992 1003 scripturae
1010 953 1192 988 auxilium
1212 952 1317 986 venit
1339 952 1447 986 Clau-

109 1012 422 1054 dIanivMamertb
452 1010 562 1046 seculi
583 1012 637 1055 5ti
662 1012 865 1059 scriptoriS,
896 1010 1055 1060 deflata
1076 1012 1212 1044 animae
1231 1008 1353 1046 locus,
1384 1020 1448 1041 ex-

109 1067 270 1117 preffuS,
298 1068 494 1104 secundum
525 1067 754 1115 probabilem
774 1068 855 1102 VV.
877 1069 966 1103 DD.
1000 1067 1269 1112 conjecturam,
1299 1077 1346 1098 ex
1378 1062 1446 1097 illo

107 1123 285 1173 Appuleji
314 1123 395 1158 loco
417 1123 483 1159 nbi
501 1136 569 1171 pro
590 1124 942 1160 collucernationibas
964 1123 1099 1157 rectius
1121 1121 1219 1172 leges
1238 1121 1447 1156 collurcina-

110 1181 286 1219 n'om'bus,
314 1179 391 1215 vid.
423 1181 528 1215 Gesn.
560 1180 599 1214 in
628 1179 734 1214 Thes.
792 1182 835 1214 In
863 1179 976 1214 altero
995 1178 1178 1214 vocabulo
1202 1177 1361 1212 tuburch.
1383 1175 1446 1210 ali·

109 1249 182 1286 qua
208 1236 317 1271 etiam
352 1235 397 1271 est
424 1237 618 1271 fluctuatio
639 1236 758 1272 Codd.
798 1235 921 1272 Guelf.
941 1237 1022 1270 dat:
1053 1235 1270 1270 tulvurshiab.
1330 1233 1446 1268 Goth.

112 1295 206 1338 (tac.
228 1293 351 1336 Gesn.)
382 1293 612 1328 tibur-chinab.
670 1292 765 1328 Edd.
793 1303 885 1328 vctt.
916 1293 990 1327 fere
1022 1292 1109 1327 dant
1129 1291 1276 1326 tiburch.
1299 1302 1372 1324 non
1393 1300 1450 1324 tu-

113 1349 232 1385 burch.
269 1351 354 1388 Hoc
374 1359 506 1389 tamen,
526 1363 610 1384 cum
630 1348 759 1384 Plauto
780 1360 816 1384 et
835 1350 982 1388 Nonio,
1013 1358 1167 1383 tuentur
1191 1346 1307 1383 Codd.
1322 1345 1448 1382 Guelf.

112 1407 223 1442 Bern.
253 1415 291 1441 et
320 1404 427 1441 Bodl.
488 1408 531 1440 Ῑιι
563 1406 766 1441 Burmanni
790 1407 938 1454 quidem
960 1405 1141 1453 excerptis
1162 1403 1268 1452 plura
1289 1416 1307 1436 a
1329 1402 1451 1437 confe-

114 1461 303 1501 tentibus,
340 1462 491 1510 ipsoque
519 1463 629 1497 etiam
660 1463 915 1514 typographo,
946 1465 1093 1497 turbata
1120 1460 1290 1509 suspicor.
1349 1458 1451 1494 Illud

114 1518 244 1557 miror,
259 1518 461 1554 Gibsonurn
483 1519 528 1553 ad
547 1520 825 1555 lurclmbumlum
847 1523 863 1565 (
874 1521 920 1554 fic
937 1519 1036 1554 enim
1058 1518 1119 1553 dat
1140 1528 1175 1552 et
1193 1518 1287 1565 ipse)
1307 1515 1451 1551 nullam

114 1586 319 1611 memorare
337 1576 487 1610 suorum
509 1575 627 1612 Codd.
649 1577 881 1611 varietatem.
938 1574 1106 1611 Multum
1128 1584 1248 1609 tamen
1271 1572 1385 1611 abest,
1410 1581 1453 1606 ut

116 1643 178 1667 eos
209 1643 292 1666 cum
323 1641 466 1680 recepta
493 1633 698 1680 conspirare
719 1642 859 1680 putem.
919 1634 1094 1668 Ceterum
1116 1630 1215 1678 quod
1236 1630 1276 1664 in
1295 1639 1453 1676 utraque

115 1699 209 1724 voce
231 1687 349 1734 Codd.
371 1699 497 1723 omnes
519 1689 772 1737 aspirationem
795 1688 1020 1737 praeferunt,
1039 1701 1123 1723 cum
1145 1686 1242 1736 apud
1261 1685 1351 1720 alios
1372 1685 1456 1720 scri-

117 1753 241 1792 ptores
270 1742 416 1795 legatur
444 1744 679 1784 tuburcinari,
709 1746 896 1784 lut-cinari,
926 1755 962 1779 et
982 1744 1065 1780 leve
1083 1743 1151 1782 est,
1181 1754 1216 1777 et
1236 1741 1377 1777 facilius
1398 1743 1454 1775 iu-

117 1798 301 1851 telligitnr
330 1813 377 1834 ex
411 1799 493 1834 loco
512 1800 652 1838 Valerii
672 1801 783 1836 Probi
804 1815 840 1849 p.
860 1801 1005 1835 putsch.
1031 1807 1135 1847 1455
1156 1798 1356 1847 „puleher‚
1383 1798 1455 1834 Or-

118 1855 254 1897 „chus‚
283 1855 426 1891 lurcho.
465 1858 512 1891 fic
532 1857 571 1890 in
591 1857 792 1904 anrjquis.“
834 1856 899 1891 ubi
929 1867 1050 1891 tamen
1070 1858 1292 1905 antiquitatis
1325 1854 1457 1904 fignifi-

120 1912 216 1947 catio
244 1912 402 1947 finienda
421 1926 468 1947 ex
486 1912 608 1947 nostro
635 1926 666 1951 1,
687 1922 724 1956 5,
748 1922 812 1947 20.
843 1913 919 1949 Cio.
943 1914 1049 1949 Orat.
1069 1925 1098 1946 c.
1119 1918 1172 1958 48
1202 1921 1239 1945 et
1259 1911 1397 1947 Charis.
1417 1923 1457 1957 p.

119 1967 263 2005 Putsch.
295 1968 360 2012 56.
582 1969 735 2017 placeat.
776 1968 899 2004 Guelf.
921 1970 1052 2016 placet.
1109 1969 1199 2005 Non
1221 1966 1338 2006 male,
1367 1966 1458 2001 vide

122 2034 245 2059 tamen
267 2024 312 2058 ad
328 2026 497 2059 Prooem.
523 2034 589 2059 tot.
611 2037 670 2072 op.
692 2032 750 2070 18.
773 2035 849 2059 not.
873 2038 977 2076 exeg.
1031 2056 1036 2058 .
1150 2024 1325 2072 gladiola.
1367 2024 1458 2059 Non.

123 2080 171 2115 est
189 2080 454 2116 contemnenda
476 2081 674 2129 scriptura„
700 2095 808 2129 quam
832 2082 971 2133 Regius
992 2081 1031 2116 in
1054 2080 1354 2119 Commentario,
1384 2089 1461 2113 tan-

123 2149 235 2185 quam
266 2149 286 2170 a
322 2137 355 2172 se
383 2137 596 2176 inventam,
637 2138 923 2186 interpretatur,
959 2138 1157 2187 gladiolum
1189 2146 1229 2171 ut
1261 2136 1304 2170 ad
1338 2135 1458 2171 solum

123 2204 240 2244 genus
273 2193 418 2241 spectet.
478 2196 521 2228 In
550 2193 654 2229 nullo
673 2194 822 2240 quidem
844 2194 979 2230 Codice
1000 2193 1158 2245 legitur,
1189 2193 1246 2228 sed
1268 2192 1354 2228 dant
1377 2204 1458 2226 eam

124 2248 206 2284 edd.
227 2250 358 2287 Venet.
385 2250 503 2286 Viart.
534 2249 618 2286 Ald.
649 2251 806 2290 Badius,
833 2253 864 2285 se
895 2251 1058 2298 gladiola
1086 2262 1162 2284 nou
1190 2249 1389 2297 gladiolum
1409 2248 1459 2284 le-

122 2317 232 2357 gere,
269 2315 406 2340 narrat.
629 2308 761 2342 Caelio.
792 2307 915 2342 Guelf.
939 2309 976 2343 C.
999 2308 1091 2342 Elio.
1148 2307 1221 2341 Hic
1239 2305 1389 2352 quidem
1414 2304 1460 2339 de

125 2361 230 2397 Aelio
249 2362 383 2397 Stilone
402 2374 478 2396 non
490 2362 741 2413 cogitandum,
762 2363 806 2398 ad
826 2377 938 2411 quem
958 2363 1157 2398 Historiam
1181 2363 1277 2397 suam
1291 2361 1461 2411 scripfiss'e

125 2415 265 2453 dieitur
283 2417 427 2453 Caelius
446 2419 651 2468 Antipater.
680 2420 759 2455 vid.
782 2430 860 2455 not.
887 2420 981 2456 Ctit.
1007 2419 1052 2454 ad
1079 2433 1112 2459 ι,
1134 2427 1180 2463 5,
1203 2418 1268 2454 61.

187 2518 486 2555 caelio.·11unc
509 2520 680 2568 equidem
709 2520 766 2555 hi-
823 2520 951 2557 Caelio
993 2519 1169 2568 quidem,
1214 2521 1277 2555 etfi
1314 2517 1464 2553 ιιιάἰοτὶ

118 2572 300 2610 florinum
327 2577 542 2624 acceperim.
582 2579 599 2620 (
609 2577 688 2611 vid-
721 2576 765 2612 ad
821 2571 941 2612 seculo
983 2576 1210 2612 scribentem.
1268 2574 1363 2614 „Sed
1402 2570 1464 2608 hie

137 2642 173 2671 ι,
193 2637 230 2673 5,
251 2629 313 2667 61
317 2635 345 2678 ).
402 2634 499 2669 Nam
516 2633 660 2672 rudius,
690 2646 765 2681 quo
824 2634 1004 2674 „omnino
1025 2631 1167 2671 rudis,“
1181 2632 1224 2667 de
1245 2645 1287 2665 eo
1300 2632 1465 2679 loquens

133 2685 328 2734 scripserit,
346 2691 478 2723 a'evum
499 2689 691 2740 fignificnri
711 2690 768 2724 vi-
825 2691 876 2724 ait
905 2690 1036 2726 Cicero
1064 2690 1170 2727 Orat.
1189 2701 1220 2724 c.
1243 2688 1308 2738 69.
1349 2687 1397 2723 cf.
1422 2685 1468 2721 de

136 2738 272 2779 detur
262 2743 308 2779 xis
327 2743 472 2780 verbis:
502 2749 538 2780 in
526 2720 672 2781 υ(Σιιιείἱο
691 2748 768 2784 vix,
827 2745 926 2799 legg.
954 2760 987 2787 ι,
1010 2755 1048 2781 2.

137 2809 231 2847 quae
265 2800 313 2834 fic
349 2800 591 2850 interpretor:
641 2814 688 2836 ne
733 2802 774 2836 in
