1656 2990
200 220 206 224 .
247 195 415 228 *Lxxvr
675 187 1130 237 „PRAEFATIQ

363 321 400 353 1,
432 313 476 358 5,
513 318 587 360 53.
615 304 718 368 soni
737 310 885 365 quibus
912 334 976 343 --
1005 314 1199 353 naciones
1215 314 1557 366 reprehendimus.

253 371 440 423 Conjicit
460 375 729 416 Heindorfius
757 379 802 417 in
827 378 997 431 quibus,
1026 388 1074 418 ut
1095 382 1340 434 praepofitio
1361 383 1559 422 exciderit

251 439 343 491 post
355 434 472 497 soni.

359 540 396 572 1,
436 535 477 577 5,
515 536 590 578 39.
626 529 756 580 igitur
779 530 821 568 in
850 531 987 570 initio.
1057 530 1107 572 cs.
1128 532 1235 573 dicta
1256 535 1307 574 ad
1330 543 1371 587 5,
1405 541 1448 584 8,
1480 539 1556 587 24.

251 592 356 631 item
387 607 424 638 1,
455 607 491 638 1,
520 608 558 632 ι.

361 694 406 725 1,
446 687 498 728 5,
533 687 610 727 57.
655 681 915 730 petorricum.
986 681 1220 722 Admonuit
1245 699 1314 724 me
1341 685 1560 735 Buttman-

251 758 331 783 nus
352 747 394 783 in
416 745 570 783 Lexico
592 746 753 784 Celtico
775 746 930 784 Bulleti
949 749 1133 787 inveniri
1161 759 1384 803 utrumque
1418 760 1460 790 et
1491 766 1559 802 pe-

251 819 350 849 coar
365 811 435 849 vel
452 810 620 862 pedwar
638 810 848 864 (quatuor)
877 822 919 851 et
945 815 1002 852 rit
1026 817 1170 864 (rota),
1199 826 1247 855 ut
1271 819 1353 867 jam
1373 825 1415 856 et
1437 818 1557 870 origo

235 875 317 914 'sua
336 877 486 915 Gallica
505 885 547 915 et
564 879 770 930 geminata
792 879 907 917 litera
923 881 961 918 R
978 881 1163 919 constent
1182 883 1401 923 vocabulo.
1436 883 1558 923 Idem

247 956 349 983 vero
371 951 547 993 etymon
570 942 653 994 ipse
673 943 860 983 Bullems
879 954 1009 985 tentat
1029 947 1074 984 in
1098 961 1138 985 v.
1158 939 1422 999 petorritubr.

338 1053 372 1079 ἰ
391 1069 401 1084 ,
439 1049 492 1090 5,
531 1042 606 1081 60.
645 1050 694 1080 ut
711 1042 800 1082 Pal.
828 1057 878 1080 ac
907 1043 985 1083 Tel.
1014 1062 1075 1071 -——
1110 1045 1355 1088 dicerentur.
1421 1048 1554 1087 Rece-

246 1116 360 1160 ptam
387 1107 556 1146 exhibet
585 1107 745 1147 Pierius
769 1121 934 1160 quoque
964 1110 1013 1148 ad
1039 1111 1211 1151 Aeneid.
1247 1121 1298 1163 8,
1335 1115 1446 1163 506,
1482 1114 1557 1166 qui

244 1174 330 1213 hoc
352 1173 605 1226 Quintiliani
630 1174 724 1213 loco
750 1176 901 1220 utitur,
945 1176 1018 1214 nifi
1039 1179 1151 1229 quod
1179 1193 1230 1217 ac
1259 1178 1370 1218 deest
1398 1179 1477 1223 ibi,
1513 1188 1556 1219 et

244 1239 446 1278 [liceretur
473 1252 549 1290 pro
577 1239 817 1280 dicerentur.
917 1241 1017 1296 Agit
1042 1253 1181 1283 autem
1210 1246 1371 1284 Pierius
1400 1245 1452 1284 de
1476 1245 1554 1285 hac

243 1305 328 1358 ipsa
355 1306 588 1358 quaestione
619 1306 917 1352 Grammatica‚
959 1318 1006 1346 ut
1034 1319 1075 1348 et
1100 1311 1269 1350 Servius
1297 1312 1346 1350 ad
1374 1312 1479 1352 Aen.
1509 1319 1554 1362 8.

244 1374 356 1423 605,
392 1372 465 1424 qui
486 1372 684 1413 Graecam
703 1371 881 1411 formam
902 1377 1026 1413 metri
1044 1376 1156 1416 c'ausa
1175 1375 1375 1417 desertam
1394 1378 1464 1417 ait.

349 1487 387 1518 1,
429 1480 470 1522 5,
507 1470 582 1512 61.
620 1471 738 1522 apud
759 1471 992 1512 Ciceronem
1016 1475 1292 1528 Hermagora.
1362 1477 1443 1517 Sed
1470 1477 1548 1516 im·

241 1538 392 1593 probat
421 1538 671 1591 Quintiliani
700 1537 1055 1586 observationem,
1091 1555 1271 1594 eumque
1293 1543 1407 1582 bono
1430 1543 1548 1583 Cice·

239 1607 356 1645 ronis
376 1605 533 1644 Codice
561 1603 680 1642 usum
701 1614 825 1657 negat
842 1606 1055 1656 Bentlejus
1082 1609 1132 1646 ad
1156 1609 1341 1651 Minium
1365 1623 1406 1661 p.
1433 1618 1458 1659 5
1473 1617 1546 1659 18.

247 1686 264 1711 ι
273 1684 318 1723 9.
341 1672 407 1711 ed.
422 1669 531 1723 Lipf.
561 1669 1042 1724 (R.Bent1ejiopufm11a
1062 1674 1316 1729 philologICa
1333 1689 1348 1712 1
1360 1677 1420 1728 78
1433 1689 1448 1712 1
1459 1703 1469 1714 .
1482 1677 1555 1725 8.),

344 1784 362 1808 1
380 1798 391 1814 ‚
423 1778 476 1818 5,
513 1767 588 1818 65.
625 1768 936 1820 imperterritus.
1007 1772 1072 1810 Ad
1092 1758 1312 1825 poetarum
1342 1783 1385 1814 et
1410 1783 1544 1814 orato-

235 1849 332 1876 rum
355 1834 559 1876 diversam
578 1836 623 1875 in
642 1835 781 1875 verbis
808 1835 1050 1890 usurpandis
1066 1841 1273 1880 rationem
1307 1838 1358 1880 cf.
1397 1853 1468 1887 10,
1503 1854 1543 1888 1,

237 1911 314 1952 23.

341 2003 379 2035 1,
418 1997 459 2038 5,
491 1999 567 2036 72.
599 1990 716 2029 ⁷Jam
738 2003 786 2027 ne
804 1987 956 2029 balare.
1025 1992 1136 2030 Puto
1165 1994 1393 2048 legendum
1420 1994 1540 2034 Nam

235 2069 276 2095 η.
307 2053 345 2094 b.
417 2056 625 2108 Frequens
647 2053 845 2094 confufio.
894 2055 946 2096 cf.
976 2057 1189 2099 Drakenb.
1209 2061 1260 2099 acl
1278 2061 1351 2101 Sil.
1375 2061 1465 2101 Ital.
1495 2073 1537 2118 9,

235 2127 345 2175 242.
382 2122 487 2160 item
505 2121 628 2162 nostr.
657 2136 693 2166 1,
724 2135 792 2167 10,
822 2131 896 2175 57.

339 2235 375 2265 1,
409 2219 451 2266 6,
485 2229 528 2269 5.
562 2220 845 2260 diminutione.
916 2222 966 2259 In
988 2221 1062 2260 hac
1081 2235 1188 2262 voce
1207 2224 1424 2275 aliquoties
1443 2225 1535 2266 dor-

232 2288 402 2331 mitavi,
440 2288 572 2326 modo
595 2286 640 2325 di
663 2286 840 2326 scribens
870 2286 938 2338 (cf.
968 2302 1003 2332 1,
1035 2295 1077 2337 5,
1106 2290 1203 2340 46.)
1233 2291 1363 2329 modo
1386 2275 1453 2336 de,
1486 2301 1536 2331 ut

215 2340 332 2392 *mox
361 2354 398 2402 §.
424 2353 466 2392 6.
535 2354 599 2391 Ex
619 2361 764 2403 etymo
789 2353 958 2405 quidem
988 2353 1039 2391 de
1060 2354 1200 2392 locum
1228 2364 1387 2400 tuetur,
1419 2359 1534 2409 quod

230 2427 273 2456 et
298 2419 368 2456 hic
389 2427 432 2458 ct
458 2421 494 2468 §.
518 2420 561 2458 6.
595 2417 732 2457 Guelf.
756 2419 954 2458 vindicat.
1025 2420 1274 2472 Quanquam
1302 2422 1532 2464 Priscianus

226 2498 268 2536 p.
290 2483 455 2524 Pntsch.
481 2492 590 2532 557.
620 2484 803 2537 agnoscit
825 2485 882 2531 di,
912 2499 1008 2523 curn
1025 2495 1183 2537 repetat
1201 2501 1223 2526 e
1244 2487 1321 2527 cli-s.
1364 2493 1365 2497 ’
1392 2491 1532 2529 Etiam

226 2550 356 2603 supra,
392 2551 560 2602 aliisque
580 2551 705 2596 locis,
741 2560 847 2591 vett.
875 2553 970 2592 edd.
991 2560 1032 2591 et
1053 2553 1126 2605 ipsi
1147 2552 1282 2596 Codd.
1299 2553 1384 2595 fere
1406 2556 1529 2596 dimi-

223 2630 306 2656 ιιιιο
325 2616 538 2657 exhibent.
