1656 2990
542 161 995 211 PRAEFATIO.
1101 127 1109 134 ’
1334 140 1339 142 ’
1372 175 1443 204 Lv

98 296 257 337 omne
308 286 604 337 tractandae
647 286 810 355 ipsius
860 286 1184 336 desiderium
1230 286 1439 334 exemit.

94 382 240 448 Quae
275 378 524 445 deinceps
554 380 726 445 prima
763 378 968 444 prodiit
993 376 1259 443 scriptoris
1290 392 1440 442 repe·
1520 438 1531 449 ἱ

94 469 231 527 titio,
284 471 517 520 Venetiis
544 487 638 536 per
670 471 747 518 Μ.
784 469 1075 518 Nicolaum
1111 466 1437 525 Jensonium,

93 575 154 607 ea
200 560 438 625 primum
487 578 517 609 a
570 559 799 610 Gesnero
849 578 970 610 cum
1017 560 1233 625 vulgato
1285 568 1435 607 textu.

93 661 403 715 comparata,
441 652 580 703 mihi
610 668 828 717 quoque
859 649 1160 716 usurpanda
1193 648 1266 698 est
1307 666 1435 698 con-

94 738 220 788 ceffa
257 742 320 790 ab
360 742 615 791 Henricio
652 745 710 791 V.
745 744 802 792 C.
859 742 954 805 qui
985 739 1184 806 praeest
1224 738 1433 789 scholae

90 831 439 896 Ruppinenfi.
558 834 699 883 Cum
749 833 893 880 enim
940 830 1194 880 undecim
1228 830 1434 879 abhinc

88 921 239 970 annis
268 923 451 971 civitas
477 920 571 969 ista
606 920 923 970 acerbiffimo
958 921 1212 970 incendio
1238 919 1435 985 afflige-

40 1035 43 1038 >
86 1019 262 1069 retur,
310 1011 469 1059 etiam
503 1010 681 1061 schola
713 1014 932 1075 ejusque
963 1011 1164 1059 literata
1194 1009 1434 1075 supellex

84 1093 230 1159 arsit,
290 1101 572 1167 coepitque
608 1118 759 1168 aegre
799 1101 1048 1166 deinceps
1085 1101 1432 1166 popularium

20 1236 23 1244 χ
83 1199 136 1238 et
158 1200 463 1241 exterorum
483 1208 702 1258 quoque
722 1189 991 1241 beneficiis
1011 1190 1231 1240 restitui.
1274 1194 1431 1238 Tunc

81 1280 246 1346 igitur
279 1298 376 1348 per
406 1283 688 1332 tribunum
721 1281 991 1348 quendam
1026 1283 1307 1348 legionum
1330 1283 1432 1330 Bo-

81 1369 384 1422 rufficarum
415 1373 552 1422 liber
579 1371 787 1423 scholae
816 1371 1150 1437 Ruppinenfi
1191 1363 1299 1421 fuit
1331 1373 1432 1418 im-

79 1471 328 1527 petratus,
367 1463 787 1529 pretiofiffnnum
819 1481 1019 1512 munus
1048 1462 1306 1513 Monachi
1335 1461 1432 1510 clo-

81 1554 152 1602 cti
201 1555 262 1603 in
307 1555 614 1604 Franconia.
735 1554 1080 1620 Splendidam
1125 1553 1262 1601 hanc
1314 1550 1427 1599 edi-

79 1644 300 1703 tionem,
339 1642 430 1692 sed
450 1660 479 1691 a
503 1642 734 1695 Gesnero
765 1646 989 1709 aliisque
1016 1644 1133 1692 satis
1158 1642 1425 1708 superque

81 1731 408 1799 descriptam,
442 1750 610 1799 aeque
641 1751 698 1783 ac
727 1734 980 1785 Codicem
1015 1735 1321 1785 Gothanum
1354 1733 1427 1779 ita

82 1822 353 1882 consului,
414 1834 478 1872 ut
526 1841 661 1889 quae
711 1823 1004 1874 Gesnerum
1043 1826 1132 1873 vel
1175 1819 1426 1888 sugillent

80 1914 170 1962 vel
198 1910 499 1962 fefellissent
526 1913 811 1979 diligenter
836 1925 1092 1963 notarem.
1170 1913 1425 1976 Reliqua-

82 2019 221 2061 rum,
269 2004 466 2069 quibus
499 2002 617 2054 sum
648 2002 804 2062 usus,
848 2004 1154 2054 indiculum
1184 2002 1273 2051 hic
1304 1999 1426 2050 sub-

83 2093 282 2153 jiciam,
324 2111 516 2159 pauca,
562 2093 659 2143 ubi
688 2092 867 2143 visum
903 2093 1068 2144 fuerit
1099 2094 1166 2143 de
1199 2090 1425 2159 singula-

83 2199 204 2233 rum
239 2183 548 2234 conditione
581 2201 864 2251 exponens.

82 2364 307 2413 Tarvifii
334 2381 430 2431 per
456 2365 785 2431 Dionysium
816 2362 1208 2415 Bononiensem
1238 2380 1296 2411 ac
1331 2364 1426 2410 Pe-

156 2455 434 2519 regrinum
458 2459 572 2518 ejus
592 2454 811 2505 socium.
876 2458 1036 2504 Anno
1058 2457 1123 2503 D.
1138 2455 1215 2503 M.
1229 2453 1423 2503 CCCC.

120 2552 125 2563 ¹
157 2546 409 2594 LXXXII.
464 2546 569 2594 Die
615 2549 760 2596 XXII
804 2543 994 2595 mensis
1045 2543 1302 2595 Octobris.
1372 2545 1425 2591 F.

157 2634 316 2684 Liber
348 2652 499 2686 meus
532 2634 617 2686 est.
