1656 2990
517 195 973 243 PRAEFATIO.
1278 211 1418 245 xxxv

65 322 215 381 nale,
255 319 409 372 ficuti
438 322 600 372 altera
626 323 719 378 illa
747 321 950 372 Paridis
980 320 1284 382 histrionis,
1326 324 1417 374 cui

65 413 287 479 Agauen
318 411 468 463 suam
504 414 708 479 aliaque
743 417 986 479 poemata
1014 412 1272 462 venderet
1310 416 1419 462 Sta-

65 504 210 555 tius?
264 502 421 571 (Juv.
455 519 522 566 7,¹
558 517 626 565 87
658 502 835 570 seqq.)
913 492 1049 555 Nam
1083 501 1260 569 ipsum
1295 507 1418 570 qui-

65 591 193 643 dem
232 594 534 645 Demitiani
574 594 818 643 Paridem
861 594 1122 660 designari
1161 612 1275 643 non
1320 612 1418 659 po-

65 681 218 734 tuiffe
256 702 285 732 a
314 686 602 734 Satirarum
643 683 926 750 scriptore,
984 681 1183 733 affatim
1221 684 1414 749 proba-

67 785 187 832 ,tum
216 773 290 824 est
314 792 343 823 a
367 774 612 826 Salmafio
643 777 676 824 1.
708 792 749 823 0.
790 793 819 823 e
847 762 1056 824 vetusto
1086 775 1225 824 vitae
1255 779 1415 829 Juve-

66 866 200 916 nalis
231 875 466 924 auctore,
504 882 668 930 quem
691 864 809 915 satis
830 866 1179 930 probabiliter
1199 867 1415 927 conjicit

64 956 159 1004 ille
182 956 498 1004 Suetonium
523 953 634 1003 effe.
716 958 817 1013 Ita,
857 954 990 1003 dum
1017 957 1416 1022 Quintilianum

59 1046 314 1111 appellat,
353 1045 521 1093 alium
550 1043 775 1095 istorum
805 1055 1115 1110 temporum
1143 1045 1415 1094 rhetorem

61 1133 375 1202 fignificavit
387 1137 672 1194 Iuvenalis,
716 1135 779 1184 ab
801 1137 1108 1200 aequalibus
1129 1135 1413 1201 agnoscen-

61 1225 195 1276 dum
214 1243 342 1275 eum
365 1242 478 1275 non
498 1227 697 1285 minus,
739 1243 902 1292 quam
920 1227 1076 1276 illum
1102 1226 1199 1276 sub
1223 1228 1410 1277 Paride

59 1313 350 1382 figuratum
366 1315 695 1366 histrionem.
766 1321 841 1372 Et
855 1328 963 1365 erat
983 1315 1190 1367 fortaffe
1210 1320 1254 1368 is
1277 1323 1320 1380 ej
1330 1338 1412 1369 us-

59 1406 369 1466 modi‚‚‚ut,
417 1408 477 1456 in
512 1406 623 1473 ipsa
658 1408 885 1457 laudum
913 1406 1278 1467 simulatione,
1330 1410 1412 1458 di·-

59 1498 234 1548 cteriis
264 1489 376 1564 peti
404 1509 711 1547 mereretur.
789 1501 845 1548 Si
876 1509 1015 1546 recte
1043 1499 1212 1564 igitur
1241 1502 1410 1570 Quin-

57 1588 308 1638 tilianam
331 1587 577 1638 nostrum
606 1591 936 1639 removimus
971 1606 1034 1637 ex
1061 1590 1158 1638 11αο
1179 1594 1409 1644 Juvena-

55 1679 124 1729 lis
149 1677 326 1738 satira,
363 1697 476 1730 non
500 1678 573 1728 est
606 1680 757 1745 quod.
780 1697 1062 1729 vereamur
1093 1696 1162 1728 ne
1191 1692 1410 1746 propter

57 1767 360 1819 Ausonium
382 1767 441 1816 fit
464 1769 530 1817 ad
553 1769 809 1818 Hadriani
827 1781 1067 1835 tempora
1089 1788 1261 1835 usque
1283 1790 1409 1836 pro-

57 1859 292 1925 roganda
332 1862 446 1920 ejus
488 1861 605 1907 vita.
711 1863 785 1908 Ea
828 1861 973 1909 enim
1012 1860 1289 1909 Dodwelli
1333 1861 1408 1909 est

57 1946 345 2009 sententia,
392 1950 489 2015 qui
525 1948 833 1999 Consularia
865 1949 960 1998 ista
1004 1962 1312 1999 ornamenta
1342 1952 1406 1999 ab

57 2037 328 2107 Hadriano
356 2040 429 2088 in
476 2057 604 2089 eum
653 2041 838 2089 collata
891 2039 1063 2089 censet
1109 2051 1404 2106 propterea,

0 2158 2 2163 >
57 2127 210 2193 quod.
228 2126 496 2210 Auslonius
518 2128 773 2195 significet
786 2130 1102 2196 Augustum,
1141 2149 1254 2180 non
1275 2134 1404 2181 Cae-

54 2215 213 2276 sares,
286 2220 467 2285 quales
503 2218 706 2269 fuerint
732 2220 818 2269 isti
857 2222 1145 2270 Clementis
1178 2219 1304 2279 filii,
1373 2239 1402 2270 a

55 2309 392 2378 Quintiliano
428 2308 746 2360 institutum.
825 2311 1117 2360 Rectiffime
1141 2311 1277 2359 hanc
1299 2311 1399 2360 du-

51 2398 366 2449 bitationem
418 2399 582 2450 diluit
644 2400 904 2451 Gesner-us
957 2403 1017 2450 in
1072 2401 1399 2467 praefatione

52 2490 108 2550 §,.,
140 2507 222 2537 11.
268 2488 576 2550 ostendens,
632 2495 882 2542 Senecam
912 2503 964 2540 et
999 2494 1399 2562 Quintilianum

50 2575 230 2628 secum
263 2582 644 2646 comparandos
678 2599 870 2648 negare
898 2583 1226 2641 Ausonium,
1264 2602 1398 2648 quo-

51 2683 185 2723 rum,
220 2669 350 2723 alter
396 2671 700 2738 Augustum
741 2672 960 2739 quidem
1013 2674 1259 2724 docuerit
1282 2672 1398 2723 sed.

823 2779 850 2809 c
886 2778 912 2811 Ω
