1656 2990
350 158 516 209 INST.
554 162 831 210 ORATOR.
867 163 987 208 Lm.
1022 162 1121 215 111,
1160 177 1202 208 2.
1345 173 1438 222 44¹

16 290 36 324 ³>
87 282 390 341 ,discrimen
419 287 640 354 aliquod
663 287 1013 346 vocabantur,
1054 289 1345 338 accuratius
1363 289 1446 338 lo-

108 366 221 431 qui,
261 364 586 414 defendendi
602 364 686 415 sui
702 366 881 432 gratia,
908 363 1243 416 instituerint.
1305 370 1442 415 Haec

108 443 282 500 enim,
342 455 405 492 ut
442 442 716 493 honestior
751 441 922 501 causa,
992 445 1061 491 ita
1103 461 1213 493 non
1252 445 1441 509 utique

1 550 5 555 -
106 517 259 586 prior
279 517 376 569 est:
414 537 538 570 cum
564 519 864 586 praesertim
887 516 1144 592 accusatio
1167 521 1442 587 praecedat

34 646 51 667 γ,
107 592 484 668 defenfionem:
529 597 627 647 nisi
664 599 782 663 quis
816 597 969 656 dicit,
1010 599 1165 646 etiam
1203 599 1443 664 gladium

0 675 38 738 {fg
105 671 422 732 fabricatum
446 675 599 723 abeo
635 676 813 740 prius,
857 676 954 740 qui
983 673 1188 723 ferrum
1219 677 1278 724 in
1306 686 1445 724 tute-

0 767 4 779 ·
26 766 45 805 ,χ
106 749 215 800 lam
236 749 334 808 sui,
359 769 520 817 quam
541 753 636 817 qui
656 753 715 800 in
737 753 1028 818 perniciem
1049 753 1279 811 alterius,
1302 770 1446 802 com-

15 815 39 858 '3'1‘
105 828 316 894 pararit.
407 830 628 878 Initium
657 847 783 896 ergo
813 829 1028 880 dicendi
1060 829 1208 878 dedit
1234 841 1443 879 natura:
1458 851 1480 887 3

106 905 328 954 initium
363 907 509 964 artis,
562 905 867 956 observatio·
988 908 1245 957 Homines
1288 908 1448 965 enim,

110 979 242 1031 ficut
261 983 319 1031 in
342 982 634 1041 medicina,
676 1001 800 1032 cum
820 983 1066 1033 viderent
1089 985 1188 1032 alia
1226 983 1446 1033 salubria

18 1109 23 1117 ,
49 1079 54 1082 ·
109 1058 211 1107 alia
237 1057 551 1118 insalubria,
601 1077 664 1109 ex
701 1059 1066 1110 observatione
1098 1079 1288 1111 eorum
1323 1058 1447 1110 effe-

111 1146 297 1184 cerunt
321 1146 510 1185 artem:
551 1138 639 1194 ita,
674 1154 798 1186 cum
822 1139 880 1186 in
901 1138 1130 1188 dicendo
1160 1138 1259 1186 alia
1295 1139 1448 1187 utilia

109 1212 210 1262 alia
229 1213 443 1262 inutilia
473 1213 956 1279 deprehenderent,
998 1226 1256 1264 notarunt
1288 1232 1347 1263 ea
1383 1214 1449 1263 ad

0 1304 19 1353 ζ»
75 1307 78 1313 ’
107 1288 858 1357 imitandumvitandumque,
894 1303 946 1340 et
968 1292 1242 1358 quaedam,
1265 1291 1450 1341 secun-

41 1404 43 1409 2
109 1364 245 1415 dum
283 1368 544 1417 rationem
575 1386 790 1427 eorum,
841 1368 1147 1430 adjecerunt
1182 1368 1279 1436 ipsi
1314 1387 1449 1435 quo-

109 1459 244 1507 que:
291 1443 419 1492 haec
454 1443 759 1510 confirmata
794 1444 917 1494 sunt
946 1445 1071 1496 usu:
1122 1457 1263 1504 tum,
1314 1463 1450 1511 quae

107 1517 299 1570 sciebat
315 1522 573 1587 quisque,
613 1522 812 1572 docuit.
891 1525 1078 1573 Cicero
1105 1523 1361 1588 quidem
1347 1525 1451 1572 ini-

0 1597 251 1645 221t1um
286 1597 475 1647 orandi
512 1599 896 1649 conditoribus
920 1601 1142 1649 urbium
1175 1618 1232 1648 ac
1266 1602 1449 1666 legum

0 1662 21 1707 ,ss
108 1673 366 1724 latoribus
389 1674 566 1724 dedit:
605 1678 663 1724 in
683 1677 878 1741 quibus
907 1675 1059 1725 fuiffe
1092 1678 1206 1726 vim
1234 1677 1447 1726 dicendi

108 1748 306 1806 neceffe
331 1750 428 1802 est:
474 1769 570 1800 cur
591 1764 766 1802 tamen
785 1754 920 1802 hanc
938 1756 1165 1819 primam
1187 1756 1449 1820 originem

0 1749 31 1909 ξι
108 1837 287 1894 putet,
332 1846 446 1883 non
471 1829 632 1879 video
643 1848 658 1888 3
707 1847 831 1879 cum
864 1830 963 1878 [int
994 1831 1168 1880 adhuc
1194 1831 1452 1897 quaedam

0 1897 18 1961 [J'
95 1922 272 1971 ·vagae
309 1915 360 1953 et
394 1904 502 1954 fine
551 1907 776 1956 urbibus
821 1924 877 1954 ae
927 1907 1034 1955 fine
1077 1909 1282 1973 legibus
1327 1926 1452 1973 gen-

0 1967 42 2085 ἑ,
110 1992 212 2040 tes,
272 1993 325 2030 et
360 1992 561 2040 tamen,
623 1985 719 2048 qni
753 1981 874 2032 sunt
904 1985 961 2031 in
994 1984 1077 2033 his
1114 1986 1251 2042 nati,
1295 1996 1347 2033 et
1378 1987 1454 2034 le-

0 2078 58 2254 ξ
113 2059 417 2127 gationibus
448 2058 771 2125 fungantur,
821 2071 872 2108 et
907 2061 1147 2110 accusent
1178 2064 1354 2128 aliqua
1395 2080 1452 2112 ac

0 2298 18 2331 5„

198 2214 430 2260 compararit.
486 2211 609 2247 Guelf.
640 2222 676 2248 et
705 2213 818 2248 Goth.
843 2213 940 2259 (tac.
972 2215 1104 2258 Gesn.)
1134 2218 1375 2263 comparavit,
1413 2226 1456 2251 ut

108 2267 200 2310 add.
228 2268 329 2304 meae
351 2281 369 2302 a
395 2269 566 2316 Gryphio
595 2269 638 2303 ad
660 2269 752 2307 Obr.
782 2282 930 2310 omnes,
969 2284 1054 2306 cum
1080 2271 1198 2306 Codd.
1221 2272 1455 2311 Britannicis,

0 2333 42 2406 ἓ
102 2334 162 2361 sut
181 2335 286 2374 puto,
315 2324 469 2372 aliisque
488 2324 627 2360 multis.
685 2326 780 2361 Cnd.
798 2326 923 2362 Turio.
936 2326 1034 2362 Alm.
1055 2338 1092 2361 et
1111 2327 1191 2361 edd.
1216 2339 1299 2362 ante
1310 2329 1454 2377 Gryph.

120 2393 246 2419 omnes
259 2390 454 2430 receptam,
483 2380 675 2416 meliorem
698 2383 788 2417 saue.
985 2385 1156 2430 originem
1173 2394 1289 2432 putet.
1329 2386 1454 2422 Turic.

117 2449 242 2487 putem
261 2449 346 2475 cum
366 2436 466 2474 Alm.
494 2438 594 2485 quod
614 2439 751 2487 recepit
773 2438 867 2476 Obr.
925 2440 1014 2475 Non
1042 2439 1149 2474 male.

182 2562 315 2598 cicero.
369 2563 467 2598 Loca
493 2561 583 2597 vide
611 2562 650 2597 in
675 2571 764 2597 nota
819 2563 917 2602 fere,
945 2563 1013 2598 11111
1034 2562 1135 2611 quod
1155 2563 1229 2612 ipse
1250 2563 1371 2605 dixit,
1399 2564 1459 2602 de·

122 2618 308 2668 proxima.
351 2617 541 2666 Impiobat
555 2628 674 2652 tamen
690 2621 761 2665 Qu.
819 2619 1010 2661 fenditu13
1052 2620 1097 2655 de
1119 2622 1254 2673 origine
1280 2633 1357 2658 non
1385 2613 1461 2674 agi·

123 2687 165 2710 ea
186 2674 366 2712 maxime,
403 2687 495 2737 quae
522 2675 698 2726 leguntur
720 2676 763 2710 de
820 2685 894 2711 mt-

0 2646 30 2677 t*

0 2678 21 2695 μ

0 2694 49 2854 ’ἐν
130 2732 206 2771 hav.
273 2730 403 2770 Altero
431 2730 531 2767 enim
558 2730 639 2767 locu
668 2730 762 2768 nihil

0 2963 22 2990 ‘h‘
