1656 2990
158 1298 176 1320 1
185 1295 206 1320 2
218 1283 374 1330 cium.

200 260 295 315 264

467 272 470 273 ⁷
501 258 574 303 Μ.
609 259 740 303 FAB.
776 257 1184 319 QUINTILIANI

199 382 543 447 praeceptoris
575 378 859 445 discipulus
889 379 1131 444 pendeat,
1178 390 1329 444 atque
1358 376 1416 426 id
1453 377 1502 426 se

203 453 379 504 dixisse
411 465 572 512 recte,
611 456 758 518 quod
785 457 846 503 ab
867 473 928 503 eo
955 453 1282 519 probabitur,
1321 453 1501 501 credat.

146 532 297 579 ²0111a
313 546 440 577 vero
464 523 795 586 vifflififfima,
834 547 966 594 quae
991 534 1089 588 jam
1118 529 1396 577 humanitas
1415 545 1528 593 voa·

207 616 374 661 catur,
417 606 646 653 invicem
679 607 1056 670 qualiacunque
1083 603 1354 659 laudandi,
1390 619 1510 650 cum

209 679 282 727 est
311 679 556 728 indecora
583 691 634 727 et
659 681 942 737 theatralis,
991 691 1041 727 et
1068 679 1242 727 severe
1264 677 1509 726 institutis
1525 690 1597 726 ¹32

209 754 397 804 scholis
429 756 617 812 aliena,
649 767 763 804 tum.
792 754 1082 804 studiorum
1108 751 1516 819 perniciolissima

209 829 384 878 hostis.

472 833 798 895 Supervacua
837 833 978 878 enim
1014 831 1265 879 videntur
1302 845 1424 877 cura
1461 843 1518 873 ac

211 906 384 962 labor,
433 917 628 970 parata,
684 906 944 970 quidquid
993 901 1298 962 effuderint,
1347 900 1515 959 laude.

157 997 201 1020 u
214 980 435 1029 Vultum
460 983 624 1045 igitur
652 983 999 1046 praeceptoris
1030 982 1250 1037 intueri,
1291 990 1396 1027 tam
1426 977 1520 1042 qui

216 1056 463 1113 audiunt,
510 1057 725 1113 debent,
772 1075 928 1120 quam
971 1055 1076 1120 ipse
1126 1057 1219 1119 qui
1256 1055 1393 1103 dicit.
1451 1054 1521 1100 ita

216 1134 358 1179 enim
382 1132 646 1194 proban-da
667 1143 820 1195 atque
842 1132 1182 1195 improbanda
1204 1128 1521 1177 discernent:

216 1203 281 1254 fic
328 1205 444 1255 stilo
486 1205 699 1255 facultas
737 1208 1028 1270 continget;
1082 1206 1349 1254 auditione
1388 1201 1525 1263 judi-

458 1283 524 1328 At
571 1299 714 1330 nunc
767 1284 925 1345 proni
971 1292 1121 1344 atque
1168 1279 1412 1328 succincti
1462 1276 1527 1324 acl

218 1373 431 1405 omnem
450 1355 729 1405 clausulam
747 1374 855 1405 non
877 1367 1134 1421 exurgunt
1153 1355 1527 1412 modo,verum

300 1511 406 1546 quam
421 1500 509 1542 jam.
538 1497 663 1532 Turic.
686 1497 781 1531 Alm.
800 1497 904 1533 Bodl.
928 1498 1040 1533 Andr.
1064 1511 1119 1545 qu.
1142 1499 1256 1531 etiam.

306 1554 531 1598 Supervacua
550 1573 603 1578 —-
623 1552 794 1587 vidonem.
852 1552 972 1588 Guelf.
994 1565 1074 1586 cum
1098 1552 1208 1586 Goth.
1228 1551 1374 1588 ridetur,
1395 1549 1532 1584 ethaeo

222 1605 479 1654 plerarumque
498 1618 579 1642 ante
591 1611 716 1642 Burm.
730 1607 809 1641 edd.
833 1606 1015 1658 scriptura.
1050 1608 1178 1640 Affuut
1199 1617 1315 1640 tamen
1335 1617 1408 1638 non
1428 1603 1535 1651 pauci

226 1662 342 1697 Codd.
371 1672 407 1696 et
426 1662 566 1709 aliquot
585 1663 663 1697 edd.
686 1672 777 1696 vett.
798 1673 976 1710 receptam
997 1662 1141 1699 dantes,
1169 1674 1258 1707 quae
1281 1659 1350 1695 sola
1370 1671 1456 1694 vera
1475 1659 1533 1693 est.

300 1716 354 1766 fic
375 1717 475 1766 stilo.

535 1718 655 1753 Guelf.
678 1728 713 1751 et
736 1717 909 1767 Turic.fi
931 1716 979 1767 st·
1011 1730 1091 1751 cum
1113 1717 1211 1751 Voss'.
1240 1730 1272 1750 ι.
1324 1716 1412 1751 Νοιι
1432 1722 1537 1762 proi·-

227 1772 282 1807 sus
306 1771 469 1820 displicet
484 1797 493 1811 ,
521 1773 576 1807 sed
599 1773 711 1808 obstat
733 1772 847 1809 Codd.
867 1783 901 1806 et
922 1771 1000 1806 edd.
1025 1772 1227 1809 consensus,
1257 1779 1292 1805 et
1311 1770 1424 1817 potest
1449 1769 1538 1805 ferri

229 1827 410 1876 anaphora
430 1830 482 1863 ita
503 1848 558 1855 —
567 1827 640 1878 fic,
669 1840 777 1876 quam
798 1828 842 1862 de
860 1827 1033 1862 industria
1052 1826 1248 1861 variaverit
1268 1826 1430 1873 scriptor.

231 1937 303 1975 nei,
324 1936 465 1984 qualem
486 1938 638 1986 exponit
657 1938 695 1971 in
718 1938 862 1987 epistola

234 1991 280 2025 ad
316 1993 520 2027 Guarinum
566 1995 724 2044 Poggius
774 1996 865 2038 (Fa-

234 2046 325 2081 bric.
347 2046 444 2082 Bibl.
465 2046 526 2081 lat.
548 2051 635 2082 Ern.
657 2049 741 2085 Vol.
768 2060 803 2084 2.
825 2063 861 2096 p.

238 2103 365 2149 259),
407 2102 552 2137 fortasse
589 2104 710 2138 miuus
746 2118 764 2138 a
802 2104 866 2138 tali

237 2156 435 2204 suspicione
459 2157 746 2198 abhorrebimus,
776 2173 866 2207 quae

239 2221 359 2246 tamen
391 2222 432 2247 ut
460 2213 500 2247 in
521 2213 592 2248 hoc
615 2213 694 2248 loco
714 2214 797 2249 falsa
816 2217 868 2254 fit,

241 2267 322 2301 fieri
341 2268 420 2302 sane
441 2269 565 2316 potest.

297 2323 480 2358 theatralis
493 2348 503 2363 ‚
539 2324 655 2371 qualis
676 2339 694 2358 a
716 2325 870 2364 theatro,

242 2377 280 2413 h.
301 2391 330 2411 e.
355 2379 632 2425 spectatoribus,
661 2379 748 2415 solet
765 2379 872 2415 accla-

246 2435 337 2467 mari
359 2433 435 2467 vid.
467 2447 498 2472 1,
525 2445 561 2474 2,
580 2448 616 2483 9.

294 2489 382 2535 Jtilo
402 2507 457 2515 --
477 2490 666 2526 auditione.
709 2489 874 2526 Ostendit

246 2542 440 2590 posterius.
487 2557 561 2592 quo
592 2548 669 2580 casu
701 2545 874 2593 accipien-

248 2600 315 2632 dus
339 2598 391 2647 fit
411 2598 529 2647 stilus.
597 2602 655 2636 De
678 2599 767 2650 stilo
795 2599 873 2635 vid.

247 2656 356 2704 Epist.
379 2654 422 2688 ad
444 2656 584 2703 Tryph.
613 2670 646 2690 ι.
676 2655 736 2690 Est
753 2664 875 2689 autem

247 2709 277 2743 is
297 2711 334 2745 11.
355 2709 379 2743 l.
398 2709 507 2756 ipsius
526 2711 691 2749 dicentis,
711 2710 776 2756 qui
797 2710 875 2744 scri-

245 2775 346 2812 ptam
380 2763 493 2803 domo
523 2766 628 2801 affert
660 2766 874 2804 orationem,

917 1939 1054 1983 auditio
1083 1947 1309 1974 ceterorum,
1339 1934 1404 1982 qui
1431 1934 1542 1968 inter-

918 1995 999 2029 sunt
1018 1992 1230 2026 recitationi.
1260 1993 1448 2038 Pei-peram
1461 1987 1541 2023 edd.

920 2048 1092 2095 quaedam
1120 2047 1204 2080 dant
1225 2047 1408 2081 auditioni.

977 2101 1184 2150 clausulam.
1240 2103 1313 2136 Etsi
1333 2101 1376 2134 de
1395 2100 1465 2134 fine
1487 2109 1547 2132 cu-

919 2159 1038 2204 jusvis
1079 2157 1270 2192 sententiae
1309 2157 1405 2204 saepe
1451 2151 1547 2200 apud

921 2213 1087 2248 rhetores
1135 2213 1325 2259 usurpatur
1369 2207 1549 2256 clausulae

923 2271 1079 2306 nomen,
1105 2266 1238 2301 'tamen
1268 2263 1446 2316 longioris
1482 2262 1550 2297 cit-

926 2322 1045 2359 cuitus
1073 2331 1200 2372 arguta
1219 2332 1255 2355 et
1274 2320 1447 2354 concinna
1468 2329 1552 2352 con-

926 2377 1035 2413 clusio
1065 2377 1215 2426 proptie
1242 2376 1395 2414 dicitur,
1439 2373 1552 2422 petita

927 2447 946 2467 a
975 2434 1070 2467 scena
1099 2430 1376 2482 significatione,
1413 2428 1479 2463 ubi
1507 2426 1553 2460 est

927 2486 1088 2535 clausula
1122 2486 1276 2534 petentis
1305 2485 1467 2533 plausum
1498 2481 1555 2515 hi-

928 2543 1070 2578 strionis
1091 2551 1125 2576 et
1147 2542 1252 2575 finem
1278 2539 1419 2575 fabulae
1440 2538 1554 2584 impo-

928 2599 1060 2633 nentis.
1116 2596 1202 2631 Inde
1234 2596 1280 2630 est
1303 2595 1401 2642 quod
1425 2593 1552 2629 Cicero

929 2654 1019 2688 dicit
1048 2651 1245 2700 „Clausala
1265 2650 1311 2684 est
1330 2647 1486 2683 difficilis
1512 2646 1552 2680 in

929 2708 1143 2756 „provincia
1174 2704 1368 2740 tradendam
1399 2703 1442 2736 nd
1476 2702 1550 2735 Att.

930 2763 966 2802 6,
988 2772 1011 2807 3
1035 2762 1099 2799 ubi
1117 2759 1327 2811 provincia-e
1339 2755 1555 2800 administra-
