1656 2990
346 247 508 293 INST.
546 246 827 293 ORATOR.
863 246 984 292 LIB.
1018 247 1066 299 1,
1105 257 1151 303 5.
1332 262 1427 308 115

81 372 373 441 separatum
425 371 522 432 est,
577 372 668 424 sed
723 371 1104 439 compositione
1153 386 1426 439 peccatur,

83 468 220 518 quae
248 454 351 514 jam
379 448 634 516 sermonis
655 450 739 499 est.
817 449 955 503 Illud
980 450 1244 501 eruditius
1265 470 1423 519 quae·
1434 467 1489 514 56

82 530 244 586 ritur,
288 545 355 576 an
375 529 432 575 in
453 527 670 593 lingulis
693 544 911 594 quoque
933 528 1109 578 verbis
1128 528 1276 593 poffit
1306 528 1425 580 fieri

81 603 444 655 soloecismus:
498 616 558 653 ut
589 603 626 653 fi
658 622 832 654 unum
869 605 988 670 quis
1026 605 1105 658 ad,
1127 603 1179 654 se
1209 623 1424 667 vocans,

83 683 222 731 dicat
245 685 442 731 venite:
480 691 571 730 aut
597 681 635 730 fi
665 683 844 748 plures
875 699 903 729 a
930 680 982 729 se
1012 681 1309 743 dimittens,
1349 686 1424 735 ita

82 759 359 824 loquatur,
398 755 533 816 Abi,
576 770 665 808 aut
694 755 936 830 Dg‘scede.
1013 760 1131 807 Nec
1160 777 1274 810 non
1296 778 1423 811 cum

82 834 391 900 responsum
421 836 484 883 ab
521 837 935 900 interrogatione
971 833 1225 886 diffentit:
1286 849 1347 887 ut
1384 838 1425 889 fi

83 912 308 969 dicenti,
369 911 536 984 Quem
578 913 731 961 video
754 915 779 959 ?
843 914 914 960 ita
954 930 1222 972 occurras,
1277 915 1423 984 Ego.

82 991 146 1038 In
172 987 320 1054 gestu
351 991 504 1035 etiam
537 990 791 1037 nonnulli
826 999 1015 1054 putant
1048 989 1191 1038 idem
1226 993 1427 1044 vitium

83 1063 267 1122 incise,
309 1081 430 1113 cum
462 1064 605 1113 aliud
626 1082 758 1113 voce
771 1103 784 1123 ‚
824 1066 973 1114 aliud
992 1076 1132 1115 nutu
1152 1068 1240 1115 vel
1259 1086 1424 1119 manu

84 1139 483 1191 demonstratur.
562 1143 702 1191 Huic
724 1143 969 1207 opinioni
1000 1159 1176 1208 neque
1196 1147 1422 1195 omnino
1437 1159 1489 1201 57

84 1217 303 1275 accedo,
343 1235 519 1283 neque
549 1218 704 1283 plane
735 1217 992 1268 diffentio.
1034 1236 1158 1268 nam
1177 1221 1235 1270 id.
1254 1220 1425 1273 fateor

83 1292 224 1362 poffe
264 1294 497 1344 accidere
535 1313 667 1343 voce
708 1314 838 1354 una,
887 1314 1001 1346 non
1037 1306 1213 1347 tamen
1247 1299 1423 1359 aliter,

85 1389 246 1438 quam
278 1370 316 1420 fi
346 1370 407 1420 fit
435 1372 664 1437 aliquid,
705 1373 855 1437 quod
886 1374 1002 1422 vim
1029 1375 1243 1425 alterius
1273 1378 1425 1426 vocis

84 1449 342 1506 obtineat,
368 1447 432 1496 ad
453 1448 600 1513 quod
621 1466 725 1498 vox
743 1451 834 1498 illa
855 1450 1138 1500 referatur:
1179 1463 1240 1501 ut
1246 1449 1426 1525 soloe-

85 1521 265 1597 cismus
305 1542 366 1572 ex
403 1527 683 1591 complexu
727 1525 814 1574 fiat
847 1544 1061 1586 eorum,
1111 1529 1310 1594 quibus
1342 1548 1425 1580 res

85 1601 463 1668 significantur,
505 1613 555 1650 et
585 1603 831 1652 voluntas
863 1603 1171 1655 ostenditur.
1250 1610 1424 1674 Atque
1436 1618 1490 1660 38

84 1689 148 1729 ut
196 1695 411 1729 omnem
459 1675 711 1744 effugiam
763 1682 1179 1741 cavillationem,
1232 1682 1292 1734 fit
1331 1686 1427 1734 ali-

85 1756 300 1822 quando
330 1757 390 1804 in
417 1773 529 1805 uno
555 1758 747 1817 verbo,
785 1775 1067 1823 nunquam
1090 1761 1150 1808 in
1168 1759 1282 1812 solo
1306 1779 1427 1812 ver-

163 1898 374 1949 separumm
392 1898 456 1949 eft.
505 1898 628 1936 Guelf.
650 1901 794 1937 omittit
812 1899 876 1951 eft.
932 1903 1024 1939 Non
1041 1903 1156 1940 male:
1185 1917 1305 1953 neque
1327 1906 1430 1942 enim

86 1956 322 1991 necess'arium
354 1956 401 1990 est
430 1965 466 1991 et
498 1955 579 1992 loco
609 1956 670 1992 hic
699 1956 819 1993 alieno
838 1956 997 2009 legitur,
1027 1973 1112 1995 cum
1133 1961 1313 1997 debuiss‘et
1330 1973 1430 1999 certe

87 2021 171 2047 ante
193 2010 403 2060 separatum
431 2013 544 2061 poni,
574 2026 650 2047 non
670 2014 760 2062 post.
818 2016 867 2050 Et
886 2017 932 2050 fic
952 2015 1069 2055 solus,
1100 2027 1280 2065 quantum
1302 2019 1430 2060 video.

88 2067 282 2115 erphim
301 2080 383 2102 ann.
411 2076 526 2116 1544.
586 2069 801 2121 Elegantius
821 2081 943 2105 tamen
962 2072 1154 2108 omittitur
1173 2073 1221 2123 esi
1234 2099 1243 2114 ,
1269 2087 1354 2110 cum
1375 2088 1432 2110 re-

89 2133 211 2158 currat
229 2123 267 2157 in
291 2123 361 2157 fine
379 2122 490 2170 hujus
513 2126 641 2161 seusus.
827 2126 956 2175 fateor
974 2128 1074 2179 poffe
1093 2131 1263 2166 accidere.
1305 2131 1430 2167 Guelf.

90 2179 231 2215 omittit
250 2178 371 2229 poffe,
401 2193 484 2215 cum
507 2181 613 2216 Bodl.
634 2181 712 2217 Bal.
733 2181 832 2218 Alm.
870 2185 959 2220 Non
981 2185 1087 2219 male.
1249 2201 1304 2222 res
1316 2187 1432 2238 figni-

79 2237 256 2284 ficantur.
296 2235 420 2270 Guelf.
432 2237 675 2287 significatur.
732 2239 875 2279 Placet,
903 2241 930 2275 fi
950 2243 1115 2290 oppofita
1134 2255 1190 2278 res
1210 2251 1247 2279 et
1263 2245 1432 2280 voluntas

88 2290 173 2328 sunt
190 2291 321 2327 eodem
340 2303 509 2340 numero.

149 2415 192 2451 ln
236 2413 338 2465 ἕψει
369 2437 422 2444 -
464 2418 557 2454 idem
594 2419 731 2474 gitium.
790 2419 885 2456 Item
922 2419 1112 2459 Lucianus
1147 2422 1192 2459 de
1231 2423 1435 2461 saltatione

96 2470 192 2506 Cum
233 2473 393 2522 tragicus
432 2484 553 2514 actor,
599 2474 623 2509 ὦ
666 2470 736 2510 Ze?
789 2475 875 2512 Vol.
901 2487 937 2520 5.
961 2479 1045 2526 Rip.
1068 2493 1104 2527 p.
1131 2480 1206 2526 168
1227 2477 1360 2517 πολλοὶ
1375 2502 1432 2511 ·-—

94 2524 310 2566 exclamans,
333 2541 444 2564 manu
467 2540 600 2565 terram
623 2532 734 2567 osten-
788 2534 968 2568 σολοικίας
1003 2527 1113 2571 &aab
1142 2537 1174 2572 ἓν
1203 2536 1252 2581 τ’,ἆῐ
1284 2533 1432 2588 ἆρχήσει

98 2579 222 2619 deret,
252 2593 287 2617 et
314 2574 339 2618 ἶ
363 2584 434 2629 γὸἷ,
462 2587 575 2623 vultu
594 2589 633 2621 in
655 2601 733 2623 coe·
786 2584 1048 2628 ἐπιδείκνυνται.
1078 2593 1263 2629 Lucillius
1285 2595 1325 2629 in
1345 2597 1433 2643 Epi-

97 2633 179 2670 lum
213 2647 352 2678 erecto,
387 2641 544 2683 diceret,
583 2643 733 2678 Polemo
791 2658 846 2696 gr.
867 2647 965 2694 apud
988 2648 1145 2684 Brunck.
1166 2648 1273 2685 Annl.
1294 2650 1380 2689 Vol.
1396 2662 1432 2686 2.

98 2693 283 2745 Smyrnatfu
304 2697 503 2742 praefidens
527 2699 735 2747 Olympicis
790 2714 827 2750 p.
853 2711 873 2744 5
881 2711 931 2746 35
963 2701 1027 2738 nal
1057 2703 1104 2750 τῇ
1129 2703 1230 2756 χειρὶ
1247 2727 1303 2735 -
1323 2711 1436 2744 σολοι-

96 2746 216 2783 ludis:
245 2745 365 2796 οὗτος,
393 2752 536 2799 inquit,
562 2754 615 2799 τῇ
638 2755 735 2806 χειρὶ
790 2753 877 2806 nisu
898 2753 1066 2796 διανεύων.

95 2802 295 2840 ὶσολοίκισε.
325 2806 492 2845 Philostr.
513 2823 549 2860 p.
564 2812 625 2848 Ol.
639 2820 732 2859 542.

871 2872 910 2907 H
944 2881 965 2906 2
