1656 2990
313 207 478 253 INST.
515 205 793 251 ORATOR.
830 205 951 255 LIB.
987 205 1084 261 111,
1122 216 1168 261 8.
1316 219 1410 266 571

76 334 218 386 ultra
265 333 523 386 Oceanum
554 328 633 403 fic
679 335 990 382 inventurus.
1110 330 1212 381 Sed
1250 332 1475 392 inviism

75 428 323 478 quoque,
357 427 492 474 quae
522 407 774 458 constabit
797 405 938 474 poffe
965 406 1107 467 fieri,
1147 413 1418 470 conjectu-

75 506 133 539 ra
162 487 446 553 aliquando
482 487 607 536 erit:
667 496 726 534 ut
759 484 796 534 fi
829 496 1132 549 quaeratur,
1193 487 1287 537 An
1318 489 1418 536 uti·

77 584 177 631 que
201 563 455 635 futurum
486 560 588 634 sit,
663 574 720 612 uc
761 561 1132 632 Carthaginem
1175 559 1332 631 super
1333 573 1418 613 ent

79 643 332 693 Romani.-
372 652 429 689 ιιι·
461 642 639 689 redeat
659 637 953 697 Hannibal,
957 602 1044 710 &fi
1065 642 1236 704 Scipio
1269 658 1417 690 exer-

81 722 234 768 citum
283 721 335 767 in
382 715 636 787 Africam
684 713 1034 786 transtulerit.-
1108 728 1164 766 ut
1195 705 1420 789 servent

24 792 26 794 ¹
66 794 239 868 fidem
284 797 560 852 Samnites,
618 791 675 866 fi
712 794 940 844 Romani
977 811 1128 842 arma
1170 791 1420 866 deposue-

82 874 220 922 rint?
265 871 534 941 Quaedam
567 882 619 920 et
650 869 767 919 fieri
798 868 960 935 poffe,
1013 881 1065 919 et
1094 869 1274 920 futura
1309 870 1424 930 effe,

0 959 73 1005 276
85 949 338 1001 credibile
373 947 471 1006 est;
519 947 609 996 sed
638 959 729 998 aut
762 948 865 997 alio
897 958 1154 1012 tempore,
1198 959 1288 998 aut
1320 948 1424 998 alio

83 1025 221 1085 loco,
269 1035 360 1077 aut
388 1025 491 1074 alio
529 1026 690 1074 modo
788 1025 897 1074 Ubi
939 1028 1269 1086 conjecturae
1309 1042 1489 1083 non13

82 1104 186 1152 erit
219 1097 394 1160 locus,
443 1103 543 1150 alia
574 1100 696 1151 sunt
728 1101 1001 1154 intuenda.
1078 1105 1144 1151 Et
1169 1104 1426 1168 primum,

83 1190 176 1228 aut
218 1189 437 1245 propter
476 1177 642 1243 ipsam
677 1195 816 1236 rem,
890 1178 956 1227 de
991 1196 1096 1243 qua
1139 1177 1428 1229 sententiae

81 1266 362 1321 rogantur,
435 1253 846 1306 consultabitur:
923 1266 1015 1303 aut
1047 1266 1266 1321 propter
1300 1257 1428 1306 alias

82 1332 495 1381 intervenientes
541 1329 858 1380 extrinsecus
903 1329 1091 1381 causas.
1202 1335 1429 1398 Propter

84 1407 250 1475 ipsam
285 1408 579 1458 deliberant
625 1411 796 1457 Patres
840 1406 1148 1474 conscripti,
1204 1410 1300 1460 An
1324 1406 1428 1479 sti-

82 1486 326 1551 pendium
347 1485 495 1532 militi
517 1479 862 1552 constituant?
902 1488 1042 1532 Haec
1067 1488 1282 1534 materia
1311 1485 1427 1534 sim·
1442 1509 1490 1545 ¹9

87 1563 211 1629 plex
242 1563 356 1611 erit.
434 1559 710 1610 Accedunt
738 1558 916 1609 causae
948 1572 1040 1610 aut
1066 1559 1325 1621 faciendi,
1370 1573 1433 1612 ut

163 1725 203 1774 fi
232 1738 436 1776 quaeratur.
494 1726 621 1762 Turic.
652 1735 690 1760 et
717 1726 820 1764 Voss‘.
847 1738 880 1760 ι.
912 1725 1038 1768 (Alm.
1069 1726 1237 1768 tacetur)
1268 1725 1305 1777 s.
1327 1742 1433 1777 quae-

91 1792 199 1821 retur.
259 1783 420 1822 Melius,
455 1793 562 1832 puto.
621 1782 725 1818 Idem
759 1784 837 1817 fane
866 1781 1018 1817 volebat
1038 1782 1161 1818 Guelf.
1181 1795 1247 1832 pet
1266 1796 1433 1820 errorem

92 1837 181 1874 dans
203 1850 440 1888 quaereretur.
735 1849 814 1886 aut·
829 1848 988 1885 propter.
1046 1840 1174 1875 Tutic.
1203 1851 1240 1876 et
1269 1851 1431 1890 propter.

93 1894 192 1930 Alm.
214 1906 280 1932 aut
300 1896 474 1931 omittere
498 1904 680 1930 narratur.
739 1894 841 1934 Male
863 1904 1079 1944 utrumque.

96 2049 222 2092 ,‚get.“
270 2043 319 2080 V.
352 2054 383 2079 c.
422 2043 612 2083 „Divifitu
645 2043 662 2086 (
673 2043 737 2076 Fa·
793 2041 988 2092 „omnium
1021 2042 1182 2077 maxime
1214 2043 1433 2092 tempestivo

97 2096 258 2140 biamus)
296 2100 387 2139 ‚,[ie,
423 2110 465 2134 ut
487 2099 653 2147 primum
676 2110 738 2131 ne·
793 2097 1034 2146 „principum
1075 2098 1115 2132 in
1147 2098 1434 2135 multitudinem

95 2163 225 2204 „garet
255 2153 347 2189 ullas
385 2155 425 2190 in
455 2156 626 2194 Oceano,
675 2163 738 2188 aut
794 2166 995 2193 „munere‚
1037 2163 1080 2188 ut
1102 2164 1185 2189 ante
1204 2155 1435 2191 mentionem

100 2218 224 2248 ..trans
259 2211 472 2251 Oceanum,
520 2211 588 2246 effe
623 2221 737 2245 terras
794 2207 934 2248 „ullam
981 2209 1098 2258 plebis
1146 2210 1436 2247 tribunorumve

102 2264 356 2306 „habitabilem
384 2267 540 2302 deinde“
559 2277 625 2302 cet.
648 2280 683 2314 p.
698 2271 736 2310 8.
793 2266 1029 2304 „decerneret
1053 2267 1215 2306 senatus,
1243 2277 1287 2302 ut
1307 2267 1437 2316 stipen-

148 2321 186 2372 [ἰ
207 2323 339 2370 Scipio.
383 2325 467 2358 Hoc
497 2323 737 2371 disceptatum
794 2321 924 2361 „dium
948 2321 1052 2357 miles
1070 2322 1113 2356 de
1133 2322 1283 2372 publico
1303 2325 1439 2373 accipe-

101 2377 176 2413 fuit
197 2379 238 2413 in
254 2379 379 2413 senatu
400 2379 496 2413 inter
508 2379 663 2414 Fabium
679 2391 740 2412 ne·
797 2387 898 2417 „ret,
929 2390 1012 2411 cum
1043 2388 1125 2412 ante
1154 2378 1194 2413 id
1226 2389 1369 2428 tempus
1393 2380 1438 2416 de

102 2443 262 2484 gamem,
291 2443 328 2479 et
339 2434 547 2483 Scipionem
571 2437 741 2481 aientem,
797 2435 886 2473 „suo
913 2434 1072 2481 quisque
1100 2434 1251 2470 functus
1280 2447 1323 2470 eo
1358 2449 1439 2472 mu-

105 2490 288 2537 tantisque
334 2491 518 2538 promissis
563 2492 741 2526 staturum
797 2502 909 2529 „nere
941 2489 1064 2525 erret.“
1132 2493 1364 2542 Argumenta
1398 2493 1438 2527 in

103 2544 182 2582 vid.
202 2547 291 2582 Liv.
311 2553 386 2591 28,
418 2553 612 2594 40—44.
800 2555 996 2592 utramque
1017 2556 1157 2594 partem
1178 2547 1256 2582 vid.
1279 2549 1347 2595 seq.
1361 2562 1438 2598 cap.

162 2602 357 2641 Samnites,
387 2602 433 2638 ad
459 2602 580 2638 furcas
611 2601 746 2640 Caudi·
799 2603 861 2637 De
884 2601 1006 2636 Fabiis
1027 2610 1066 2645 5,
1096 2612 1162 2646 30.
1209 2604 1268 2638 De
1280 2606 1441 2640 Caesaris

107 2668 182 2692 nas.
222 2657 269 2692 cf.
300 2658 332 2701 ὖ.
355 2668 392 2702 5.
802 2657 1067 2692 deliberatione
1096 2659 1170 2707 ipse
1197 2661 1240 2695 B.
1273 2661 1368 2696 Gall.
1407 2675 1440 2701 1,

162 2713 222 2749 An
253 2711 486 2762 stipendium.
545 2715 626 2751 vid.
656 2714 744 2750 Iiv.
804 2723 871 2763 59.
904 2720 971 2761 40.

107 2773 151 2817 4,
177 2776 230 2819 59
249 2779 344 2805 extr.
380 2771 587 2812 „Additum
614 2770 749 2807 deinde
858 2770 909 2807 Aa
905 2770 1043 2807 cedunt
1071 2769 1213 2821 causae.
1271 2775 1345 2808 Res
1368 2772 1441 2818 jam
