1656 2990
271 232 368 276 589
580 196 654 267 M.
687 221 819 266 ΕΑΒ.
853 221 1262 282 QUIN‘rtLIAm

273 344 338 392 da
354 338 542 414 sexus,
581 343 828 411 dignitas,
873 354 1028 392 aetas.
1105 343 1205 393 Sed.
1230 359 1401 394 mores
1430 361 1575 410 prae-

272 421 426 483 cipue
446 416 721 466 discrimen
750 419 960 468 dabunt.
1036 423 1101 470 Et
1127 418 1339 469 honesta
1363 419 1576 484 quidem

269 491 500 543 honestis
525 492 735 542 suadere
761 493 1068 543 facillimum
1090 494 1186 543 est:
1227 493 1264 542 fi
1286 511 1420 549 vero,
1441 484 1580 559 apud

270 579 449 632 turpes
486 580 622 616 recta
655 569 890 617 obtinere
925 568 1259 626 conabimur,
1305 586 1372 618 ne
1405 569 1580 618 videa-

273 660 396 692 mur
430 645 738 708 exprobrare
778 644 1031 693 diversam
1058 647 1195 693 vitae
1230 644 1439 703 sectam,
1503 661 1581 691 ca-

214 745 265 785 59
276 718 514 767 vendum
551 719 636 768 est.
727 723 792 767 Et
829 722 1032 768 animus
1066 719 1422 777 deliberantis,
1469 733 1581 768 non

272 793 380 858 ipsa
412 794 617 843 honesti
650 805 856 852 natura,
904 813 1061 860 quam
1090 797 1180 843 ille
1219 813 1331 844 non
1362 793 1584 859 respicit,

266 870 686 933 *permovendum
722 869 810 918 sed
832 871 1003 928 laude,
1041 872 1191 935 vulgi
1211 871 1478 935 opinione,
1515 879 1583 927 et,

272 943 312 991 sl
344 961 527 1008 pamm
559 945 795 1010 proficiet
826 946 951 994 haec
979 948 1208 1003 vanitas,
1253 945 1490 994 secutura
1521 961 1583 992 ex

274 1019 358 1068 his
412 1022 656 1079 utilitate3
731 1023 996 1085 aliquanto
1054 1038 1181 1070 vero
1236 1021 1398 1086 magis
1451 1020 1583 1079 obii-

276 1092 464 1144 ciendo
505 1097 733 1160 aliquos,
806 1096 844 1144 fi
884 1095 1083 1145 diversa
1121 1096 1324 1152 fecerit,
1397 1105 1580 1143 metus.

212 1170 416 1236 40Nam
450 1181 652 1236 praeter
691 1171 773 1228 id,
847 1171 994 1237 quod
1027 1172 1111 1220 his
1143 1170 1377 1220 leviffimi
1412 1173 1584 1231 cujus-
1638 1219 1639 1222 ,

272 1331 434 1368 Perinde.
489 1333 543 1368 Ea
568 1333 641 1380 ipsa
669 1344 761 1379 quae
789 1332 851 1366 hic
877 1342 1128 1368 memorantur
1149 1330 1233 1381 sex.
1253 1331 1349 1378 dign.
1373 1339 1443 1368 aet}
1465 1341 1582 1380 partes

272 1388 356 1422 sunt
377 1389 466 1433 ejus,
494 1400 584 1434 quae
603 1401 702 1423 nunc
722 1397 920 1426 tractatur,
950 1388 1140 1435 personam
1170 1397 1213 1422 ut
1242 1396 1393 1434 propter
1420 1387 1586 1422 differen-

274 1442 362 1476 tiam
384 1443 617 1490 personarum
638 1442 724 1477 haec
750 1455 897 1489 quoque
923 1443 1096 1477 intuenda
1120 1445 1208 1482 fint;
1236 1451 1272 1476 et
1288 1441 1359 1475 hoc
1380 1443 1427 1477 est
1444 1443 1483 1476 in
1502 1444 1587 1478 Pro-

274 1497 367 1531 inde.
593 1496 726 1544 honesti
745 1507 816 1531 nat.
873 1498 966 1535 Jens.
1000 1501 1092 1541 (tac.
1115 1498 1245 1541 Gesn.)
1274 1495 1416 1546 honesta
1439 1511 1473 1531 n.
1504 1510 1588 1532 cum
1626 1495 1636 1509 ³

275 1551 356 1585 edd.
389 1560 470 1585 ante
488 1550 576 1585 Bad.
607 1551 777 1586 omnibus
802 1561 949 1599 excepta
977 1553 1088 1587 Tarv.
1115 1556 1132 1596 (
1145 1553 1190 1587 cf.
1212 1551 1244 1595 §.
1268 1556 1368 1595 51),
1399 1551 1489 1587 eod.
1508 1551 1590 1587 nul·

276 1604 327 1644 lo,
356 1606 458 1652 quod
478 1607 550 1651 jam
573 1607 733 1641 correxit
743 1607 893 1657 Regius.
1111 1620 1266 1654 permov-
1279 1605 1348 1654 sed
1366 1607 1481 1642 laude.
1521 1607 1589 1642 Sed

276 1661 324 1696 est
346 1662 385 1695 iu
405 1661 578 1695 omnibus
600 1662 725 1701 libris.
763 1675 782 1695 a
805 1663 961 1697 Gesnero
987 1661 1157 1696 omiffum
1184 1673 1249 1709 per
1267 1673 1450 1701 errorem,
1477 1675 1587 1708 quem

276 1725 514 1750 correxerunt
532 1717 735 1764 Bipontiui.
966 1716 1131 1765 secutura
1149 1737 1206 1745 —
1221 1716 1387 1752 utilitate.
1444 1719 1588 1752 Praeter

276 1771 389 1806 Goth.
412 1781 447 1805 et
468 1772 567 1807 Voff.
592 1783 627 1806 2.
651 1771 850 1820 secuturam
868 1791 923 1799 -—-
941 1773 1129 1807 utilitatem
1147 1772 1235 1806 dant
1252 1772 1344 1809 Jens.
1362 1771 1448 1816 (tac.
1462 1773 1586 1820 Gesu.)
1623 1817 1625 1821 Δ

274 1836 312 1860 et
332 1826 411 1860 edd.
440 1827 530 1861 Loc.
562 1828 654 1863 Ven.
684 1828 788 1862 Ruso.
811 1827 897 1862 Bad.
926 1827 992 1873 qui
1021 1837 1143 1861 contra
1163 1826 1324 1877 Regium
1342 1827 1493 1862 utilitate
1514 1828 1589 1862 sua-

273 1881 420 1916 dentem
441 1881 459 1925 (
469 1881 509 1914 in
525 1880 638 1929 secut.
669 1881 764 1916 nihil
787 1891 912 1916 monet
933 1885 1051 1932 Reg.)
1081 1895 1100 1916 e
1119 1881 1274 1919 Vallenfi
1291 1881 1400 1916 etiam
1423 1881 1587 1916 defendit

274 1936 541 1975 accusativum,
595 1950 705 1983 quem
734 1938 868 1984 repetit
900 1937 942 1971 ab
972 1949 1016 1971 eo
1046 1937 1146 1984 quod
1185 1937 1346 1983 sequitur
1380 1936 1586 1981 objiciendo,
1635 1947 1638 1950 ⁴

274 2004 368 2038 quae
399 1992 548 2026 Gesneri
575 2005 722 2039 quoque
747 1992 842 2026 ratio
863 1991 922 2027 est.
976 1994 1057 2042 Ego
1087 1991 1312 2026 veriffimum
1341 2001 1434 2040 puto
1461 1990 1586 2026 ablati·
1631 1991 1646 2026 ’,

274 2059 366 2080 vum
388 2046 453 2092 qui
473 2047 511 2080 in
533 2047 650 2083 Codd.
669 2047 817 2082 videtur
838 2048 926 2082 effe.
955 2058 1098 2094 praeter
1124 2056 1364 2086 memoratos,
1392 2046 1584 2088 omnibus;
1628 2046 1637 2051 ⁴

275 2100 324 2136 est
341 2111 460 2135 autem
480 2102 519 2135 in
541 2101 622 2136 edd.
642 2103 732 2136 meis
751 2101 923 2148 reliquis,
951 2111 994 2136 ut
1014 2103 1126 2138 Tarv.
1143 2101 1224 2137 vid.
1246 2110 1323 2136 not.
1340 2113 1448 2149 prox.

358 2157 429 2191 div.
450 2155 582 2204 fecerit
605 2167 684 2192 met.
742 2157 901 2204 Reposui
930 2155 1143 2207 fingularem
1169 2169 1237 2204 pro
1258 2157 1406 2192 Gesneri
1432 2166 1468 2190 et
1495 2168 1586 2190 rece.

276 2213 372 2256 (exc.
393 2211 566 2258 Capper.)
585 2211 751 2260 fecerint,
772 2211 963 2246 autoribus
972 2211 1067 2246 Alm.
1097 2211 1115 2257 (
1124 2211 1247 2247 Turic.
1269 2211 1418 2255 filetur)
1446 2220 1482 2245 et
1503 2211 1584 2246 edd.

275 2266 362 2300 inde
389 2279 408 2300 a
427 2267 532 2301 Rufe.
566 2267 660 2314 (qui
682 2267 805 2301 differt
838 2267 876 2301 h.
899 2266 923 2300 l.
949 2279 969 2301 a
996 2268 1122 2301 Locat.
1156 2266 1234 2302 vid.
1263 2268 1428 2301 Prooem.
1462 2266 1493 2309 ᾖ.
1513 2265 1587 2314 4.)

276 2333 391 2367 usque
410 2321 453 2355 ad
471 2324 585 2355 Stoer.
618 2321 789 2363 omnibus
809 2322 910 2356 meis.
978 2322 1152 2356 Refertur
1172 2321 1216 2356 ad
1235 2321 1457 2356 deliberantis
1485 2325 1503 2366 (
1513 2333 1587 2355 non

276 2376 561 2423 deliberantium)
589 2379 752 2412 animum.
803 2375 1013 2426 Intelligere
1025 2376 1121 2411 enim
1141 2387 1261 2422 turpes
1277 2375 1374 2415 istos,
1401 2377 1468 2423 qui
1485 2384 1586 2411 erant

272 2430 312 2465 in
332 2431 441 2466 initio
459 2432 595 2481 integri
613 2432 728 2467 sensus
747 2431 870 2477 hujus,
900 2441 1111 2466 contortum
1132 2430 1301 2466 arbitror.

359 2487 453 2521 Nam
482 2497 632 2533 praeter.
687 2486 812 2522 Turic.
842 2487 934 2521 Nam
950 2487 1044 2534 quod
1063 2501 1099 2533 p.
1130 2486 1188 2521 [ed
1207 2486 1414 2534 imponitur
1443 2500 1509 2534 que
1537 2483 1587 2532 τιῐὶ
1638 2514 1641 2515 ⁷

274 2541 378 2587 qnod.
434 2541 532 2576 Alm.
563 2542 610 2576 N.
640 2542 736 2589 quod
761 2556 798 2588 p.
830 2554 913 2575 cum
932 2541 1031 2579 Voff.
1052 2550 1089 2583 3.
1122 2542 1169 2576 N.
1193 2541 1331 2589 quidem
1356 2556 1395 2591 p.
1427 2540 1526 2582 Voss.
1551 2554 1584 2576 ι.

272 2597 353 2645 Ego
374 2596 499 2631 Turic-
518 2596 708 2631 fecundam
726 2595 941 2644 scripturam
960 2607 1085 2632 veram
1106 2595 1282 2633 existimo.

329 2725 510 2775 aliquanto
532 2743 586 2755 -—
607 2728 730 2774 magis.
775 2726 820 2763 cf.
842 2735 917 2762 not.
947 2726 991 2762 ad
1016 2740 1048 2766 1,
1083 2736 1151 2766 12.
1179 2731 1218 2773 4.
