1656 2990
163 537 333 617 cleeſje
351 539 466 616 sua
499 543 631 603 tela,
700 542 882 610 quibus
923 544 1013 595 vel
1054 546 1235 608 optimi
1263 545 1504 613 cujusque

164 665 390 714 animum
407 667 701 729 percutiant
715 666 742 712 ἓ
778 662 1100 715 Audebimus
1121 667 1322 716 interim
1348 669 1507 716 omni-

166 774 261 832 bus
290 779 425 856 hisce
451 785 680 834 malitiae
709 785 968 834 munditii5
998 785 1190 834 nudam
1219 782 1507 856 praeferre

167 903 414 950 virtutem
427 938 442 961 ,
484 899 779 975 discentque
811 914 1014 953 mature
1045 908 1137 969 qui
1165 922 1256 955 nos
1283 907 1510 964 audient,

163 1035 324 1069 unum
351 1016 457 1096 eſje
484 1019 766 1093 honestum,
799 1039 936 1088 prae
958 1040 1060 1088 quo
1083 1023 1173 1073 vel
1195 1016 1512 1095 verzſjimam

168 1141 366 1211 ingenii
409 1141 615 1192 laudem
661 1153 977 1193 contemnere
1019 1153 1271 1208 oporteat.
1362 1144 1514 1192 Dum

169 1276 299 1310 vero
330 1279 393 1310 ne
419 1261 569 1311 malis
598 1263 804 1328 quidem
830 1262 1152 1328 eloquentiae
1169 1261 1404 1329 palmam
1429 1281 1516 1312 ne-

173 1390 335 1449 gant,
375 1377 548 1454 sicubi
580 1394 869 1441 merentur,
923 1380 1108 1432 bonam
1139 1378 1351 1455 causam
1383 1384 1518 1432 omni

159 1494 373 1572 solidae
423 1502 685 1552 doctrinae
739 1495 1217 1573 potentiffinzaeque
1276 1503 1523 1552 orationis

176 1631 445 1686 apparatu
485 1617 768 1690 instruere,
842 1632 988 1672 tanto
1026 1617 1298 1695 impensius
1337 1616 1522 1690 stude-

179 1727 317 1788 huni.
399 1740 598 1805 Neque
617 1740 771 1790 video
789 1737 924 1810 fere
949 1737 1208 1810 honestius
1241 1740 1522 1806 quidquam

180 1868 275 1908 aut
301 1853 611 1929 gloriosius,
656 1876 758 1923 quo
782 1856 1058 1910 elaborare
1087 1852 1246 1931 poffit
1272 1876 1411 1907 mens
1433 1857 1528 1906 liu-

182 1995 354 2036 mana,
387 1995 561 2043 quam,
601 1987 659 2026 ut
681 1972 894 2051 exczffa
917 1981 1067 2036 omni,
1106 1996 1264 2043 quam
1289 1994 1402 2024 cum
1425 1974 1527 2025 bel-

186 2092 286 2144 luis
326 2113 637 2144 communem
681 2093 952 2155 habemus,
1001 2091 1409 2169 concupiscendi,
1465 2099 1528 2145 ti-

188 2214 373 2293 mendi,
412 2214 662 2263 adulandi
666 2210 947 2287 servitute,
975 2210 1203 2286 suarum
1223 2215 1430 2264 tandem
1451 2218 1533 2264 ›vi-

191 2337 325 2384 rium
351 2328 577 2406 conscia,
611 2352 746 2397 quae
758 2330 892 2408 sunt
925 2343 1066 2384 totae
1095 2337 1147 2383 in
1176 2334 1454 2403 cogitando
1484 2343 1536 2382 et

192 2453 491 2519 eloquendo,
515 2449 726 2526 causam
744 2463 881 2522 agat
899 2451 1109 2501 humani
1128 2456 1349 2522 generis.
1402 2453 1535 2502 Non

194 2572 428 2639 equidem
448 2588 637 2624 vereor
659 2582 717 2621 ut
741 2570 1030 2641 intelligas,
1069 2589 1226 2637 quam
1251 2566 1539 2642 ego-figni-

184 2689 347 2762 ficem
386 2686 625 2766 causam,
682 2709 797 2742 cum
842 2691 918 2744 Te
959 2681 1275 2763 potiffimum
1315 2690 1539 2748 docente,
