1656 2990
300 187 363 232 60
610 185 684 230 M.
719 186 850 230 ΕΑΒ.
884 184 1292 255 QU1NT1L1ANi

298 306 456 358 sonus
503 307 638 372 (non
678 308 819 354 enim
857 305 923 354 fic
963 308 1202 368 optimum
1249 305 1500 366 dicimus,
1547 319 1610 359 ut

298 386 551 448 opimum)
586 392 636 430 et
671 383 730 430 in
756 383 900 430 Here
930 398 1102 446 neque
1133 384 1176 429 E
1208 383 1359 447 plane
1385 399 1557 449 neque
1582 386 1656 438 141

382 544 452 566 non
481 550 535 558 —-
555 529 609 580 fic
637 531 807 577 optimum
835 529 978 565 dicimus
1009 540 1048 565 ue
1075 532 1239 576 Opimum.
1308 533 1407 568 Haec
1437 532 1609 579 scriptura

299 586 413 622 sensui
439 586 597 619 maxime
625 585 818 622 convenit,
849 593 885 619 et
912 584 1118 619 defenditur
1139 585 1181 620 ab
1201 585 1340 632 aliquot
1367 587 1502 626 codd„
1532 589 1610 622 Bri.

297 641 450 676 tannicis
470 640 619 687 quidem
641 639 798 677 duobus,
834 648 875 673 ut
895 639 1048 684 conjicio
1069 651 1115 674 ex
1136 639 1288 675 Gibsoni
1306 640 1455 678 sileutio.
1486 642 1608 678 Guelf-

296 696 518 744 praepostere
537 694 645 729 habet
665 704 875 740 oportunum
896 706 962 740 pro
982 697 1170 742 optimum,
1201 695 1256 729 sed
1275 708 1342 743 pro
1361 699 1514 743 opimum
1533 697 1609 733 levi

297 760 437 786 tanturn
461 762 582 784 errore
603 751 755 796 opinum.
813 750 944 783 Fateor
962 747 1006 782 de
1034 750 1247 784 auctoritate
1275 751 1391 787 Codd.
1419 764 1478 786 me
1507 761 1608 787 tanto

295 804 364 839 effe
395 804 650 842 solicitiorem,
679 803 764 850 quia
792 804 917 854 Regii,
947 805 1010 838 etsi
1043 803 1155 842 felix,
1185 806 1410 851 conjectura,
1439 807 1504 853 qui
1535 808 1609 854 pri-

295 871 400 898 mus,
431 861 501 893 fine
520 859 632 898 Cod.‚
662 871 707 892 ex
736 861 906 904 optimum
933 861 1034 893 erant
1062 868 1096 897 t,
1127 859 1254 898 habet,
1284 861 1329 896 de
1356 873 1430 908 quo
1450 861 1606 897 dubites.

294 917 407 950 Recte
427 914 523 948 enirn
544 914 686 951 Badius,
714 913 779 960 qui
801 923 925 947 tuetur
942 913 1148 964 vulgatam:
1179 935 1231 941 —
1245 926 1425 962 optumum
1445 936 1497 943 —
1517 919 1608 964 opti.

293 983 408 1007 mum,
439 979 546 1020 urget
571 979 694 1003 contra
724 969 903 1018 Regium,
934 968 1108 1003 diversam
1130 969 1196 1004 effe
1228 970 1266 1004 iu
1287 973 1440 1015 opimum
1460 981 1495 1005 et
1517 973 1607 1020 opti-

294 1036 389 1058 mum
420 1023 641 1071 penultimae
669 1023 929 1069 quantitatem,
958 1023 1193 1069 quamobrem
1217 1024 1286 1060 hoc
1304 1026 1526 1073 potissimum
1547 1038 1608 1061 ex·

293 1078 415 1126 emplo
436 1080 563 1112 usurus
584 1079 686 1112 fuisse
705 1078 773 1111 vix
791 1078 960 1112 videatur
982 1078 1239 1124 Quintilianus.
1297 1080 1607 1127 Aequiescendum

293 1143 414 1168 tamen
432 1144 591 1181 recepta3
622 1145 702 1167 nam
715 1145 733 1166 e
754 1131 900 1182 vulgata
919 1133 1078 1179 quidem,
1097 1134 1162 1180 qui
1182 1135 1294 1168 sensus
1314 1135 1420 1183 possit
1440 1136 1606 1174 extundi.

293 1187 398 1236 plane
427 1201 500 1222 non
525 1187 648 1233 video.
831 1197 866 1221 et
894 1190 927 1221 1'11
952 1190 1052 1222 Here.
1106 1190 1321 1236 Praepositio
1343 1193 1378 1224 in
1396 1189 1506 1224 abess‘e
1528 1191 1608 1236 qui·

292 1243 376 1277 dem
395 1243 542 1277 videtui·
561 1243 604 1277 ab
625 1241 795 1278 omnibus
819 1242 933 1277 Codd.
956 1245 1023 1284 (ut
1043 1242 1164 1278 Guelf.
1187 1253 1221 1277 et
1244 1244 1376 1284 Goth„
1404 1254 1469 1278 tac.
1483 1245 1607 1292 Gesn.)

292 1307 336 1333 ut
355 1307 392 1332 et
409 1307 498 1333 vett.
521 1297 601 1332 edd.
658 1297 898 1333 Necess'ariam
918 1307 1038 1332 tamen
1056 1299 1132 1333 fere
1150 1298 1287 1335 dixeris
1306 1300 1509 1335 sententiae.
1555 1328 1557 1331 v

291 1420 535 1456 doctiffimum
548 1418 766 1467 Episcopum
786 1417 924 1453 Londi-
979 1419 1191 1466 Digammon
1238 1422 1307 1464 (ut
1344 1420 1381 1456 h.
1419 1419 1444 1455 l.
1485 1419 1603 1458 Codd.

289 1477 433 1510 neusem
447 1502 456 1516 ‚
485 1474 648 1509 defendit
670 1472 863 1507 walkerus
884 1474 923 1506 in
979 1474 1100 1509 Guelf,
1121 1485 1157 1509 et
1178 1475 1342 1522 plerique
1364 1477 1452 1521 alii)
1485 1486 1520 1511 et
1543 1477 1606 1512 Di·

290 1531 430 1567 Lexico
472 1529 772 1566 Pronunciationi
814 1529 923 1562 inser-
976 1543 1132 1576 gammos
1150 1530 1327 1565 feminino
1343 1544 1484 1582 genere.
1524 1531 1606 1566 Ele·

290 1586 416 1621 viente
445 1599 480 1635 p.
511 1594 546 1628 3.
579 1586 608 1630 ᾖ.
631 1596 668 1632 9.
725 1586 836 1618 Hunc
864 1583 923 1618 de·
943 1597 952 1612 ¹
975 1594 1100 1632 gunter
1131 1594 1166 1618 et
1197 1585 1298 1620 docte
1327 1587 1371 1620 de
1399 1586 1466 1620 hac
1500 1585 1605 1622 litera

290 1641 429 1676 fectum
467 1642 577 1691 signi,
605 1652 688 1674 cum
726 1640 832 1673 sonus
863 1638 922 1672 ad-

290 1696 396 1735 ess'et,
416 1696 561 1743 explere
581 1694 727 1729 volebat
746 1692 919 1729 Claudius

290 1751 426 1791 caesar,
448 1751 504 1786 sed
523 1749 720 1794 (Prisciani
740 1750 822 1783 suut
841 1760 920 1782 vei·-

289 1805 334 1841 ba
359 1818 395 1854 p.
416 1806 524 1853 546)
553 1802 799 1844 „consuetudo
830 1803 921 1836 anti·

287 1873 384 1908 „qua
397 1862 615 1908 superavit.“
642 1859 683 1893 it.
694 1861 777 1894 Tac.
788 1857 917 1893 Annal.

292 1928 354 1954 ιι,
379 1922 439 1962 14.
459 1918 583 1955 „Haec
599 1914 724 1952 litera,
753 1913 833 1948 usui
853 1914 917 1947 im-

289 1971 493 2018 „peritaute
516 1970 692 2008 Claudio,
722 1968 799 2016 post
827 1967 918 2002 obli-

287 2035 446 2065 ,‚terata,
485 2025 656 2073 aspicitur
684 2024 790 2058 etiarn
821 2035 919 2058 nunc

286 2081 352 2120 „in
373 2093 471 2121 aere,
499 2078 728 2128 publicandis
756 2077 920 2126 plebisci-

288 2135 383 2175 „tis,
413 2150 477 2184 per
498 2137 576 2171 fora
597 2146 636 2168 ac
655 2133 787 2180 templa
806 2134 918 2167 sixof‘

289 2190 336 2224 οἱ
366 2192 473 2226 nostr.
503 2204 534 2229 c.
557 2201 592 2233 7,
617 2199 679 2232 27.
709 2198 745 2223 et
773 2199 833 2226 12,
858 2201 918 2227 io,

292 2255 356 2292 29.
412 2249 583 2285 „Nomen
601 2264 655 2271 —
674 2243 770 2291 apud
789 2242 918 2278 Aeoles

286 2299 443 2340 „habuit
471 2300 560 2336 olim
582 2320 636 2327 ·——
656 2306 759 2334 vav.“
814 2299 918 2333 Prisc.

288 2354 315 2390 l.
338 2368 367 2390 c.
401 2355 544 2400 (Facile
571 2356 632 2390 hic
658 2355 820 2405 agnoscas
849 2354 920 2387 ori-

289 2410 413 2456 ginem
444 2411 708 2451 Phoeniciam.)
749 2407 854 2443 τοῦτο
883 2403 920 2442 δ’

287 2456 326 2507 ἦν
363 2459 472 2514 ὅσπερ
509 2462 645 2511 γάμμα
683 2460 820 2499 διτταῖς
863 2461 923 2497 im*

288 2519 374 2566 μίαν
403 2517 505 2570 ὄρθ’ἤν
537 2518 810 2567 ἐπιζευγνύμενον
839 2518 920 2554 roca}

287 2576 472 2619 πλαγίους.
538 2577 709 2623 Dionysii
736 2576 817 2610 Hal.
848 2577 919 2610 An-

289 2632 356 2678 tiq.
379 2634 485 2665 Rom.
507 2644 542 2678 p.
560 2630 619 2666 ιδ.
633 2630 687 2665 ed.
700 2631 799 2678 Sylb.
834 2632 918 2666 Inde

289 2698 424 2721 nomen
454 2687 664 2734 Digamma,
698 2699 766 2734 pro
788 2699 862 2734 quo
883 2696 919 2721 et

975 1639 1135 1685 disputat
1172 1640 1293 1675 Foster
1329 1641 1436 1688 Effny
1464 1653 1509 1675 on
1541 1640 1604 1676 the

976 1693 1143 1728 different
1171 1705 1299 1730 nature
1327 1692 1368 1730 of
1391 1705 1512 1731 aucent
1532 1694 1604 1731 and

976 1749 1165 1796 Quantity.
1197 1752 1307 1786 Eton.
1331 1750 1447 1795 1765.
1465 1764 1500 1800 p.
1526 1760 1601 1786 122

977 1803 1070 1850 seqq.

1029 1871 1098 1893 non
1127 1877 1181 1886 --
1219 1873 1250 1893 ιε
1271 1861 1439 1907 optimum
1458 1859 1604 1903 dicimus

974 1922 1013 1947 ut
1033 1916 1197 1960 opimum.
1243 1916 1331 1951 Non
1350 1924 1421 1949 tam
1443 1914 1603 1963 expresse

973 1969 1258 2014 pronunciamus
1281 1969 1424 2004 literam
1447 1971 1460 2005 ί
1478 1970 1518 2004 iu
1535 1981 1603 2005 vo-

975 2035 1014 2056 ce
1035 2026 1216 2070 optimum,
1246 2038 1354 2072 quam
1375 2026 1414 2060 in
1434 2027 1600 2073 opinmm,

974 2078 1031 2111 sed
1052 2077 1248 2119 obscurius,
1278 2090 1319 2115 ut
1338 2080 1509 2116 videatur
1525 2079 1603 2116 stre

974 2132 1094 2167 audiri
1114 2148 1158 2172 u,
1189 2147 1380 2183 optumum.

1027 2199 1063 2222 et
1093 2191 1128 2223 in
1157 2191 1247 2225 Here
1277 2204 1385 2239 neque
1409 2189 1440 2224 Ε
1466 2207 1517 2217 --
1543 2202 1601 2225 ne·

975 2255 1041 2291 que
1061 2245 1088 2277 I.
1146 2245 1244 2280 Hinc
1263 2254 1429 2293 apparet,
1446 2256 1600 2292 quomo-

976 2297 1023 2331 do
1052 2300 1168 2345 poetis
1201 2299 1344 2335 licuerit
1383 2299 1599 2335 alterutrum

974 2364 1042 2399 pro
1065 2355 1123 2388 sua
1145 2354 1302 2390 utilitate
1322 2367 1468 2403 ponere.
1525 2355 1601 2390 Pri·

974 2408 1077 2442 scian.
1117 2422 1152 2456 p.
1189 2423 1258 2443 101
1272 2423 1285 2444 ι
1304 2423 1312 2445 z
1370 2435 1380 2449 ,
1395 2409 1530 2447 dicitur
1565 2419 1601 2445 et

974 2467 1094 2500 „hei-e.
1126 2465 1313 2502 Iuvenalis
1326 2465 1364 2499 in
1377 2436 1392 2500 l
1403 2465 1601 2510 (estantem

974 2519 1044 2551 Sat.
1069 2529 1104 2562 3,
1126 2523 1204 2563 23)
1234 2524 1328 2559 „Res
1349 2520 1458 2555 hodie
1478 2521 1601 2555 minor

974 2573 1046 2611 „est
1057 2575 1134 2608 here
1153 2566 1269 2621 quani*
1283 2575 1366 2610 fuit.
1423 2575 1600 2611 Horatius

974 2629 1037 2667 „in
1059 2632 1092 2664 11
1113 2633 1184 2664 Ser.
1207 2633 1294 2675 (Sat.
1310 2641 1346 2668 2,
1357 2637 1394 2675 8,
1409 2634 1464 2673 2.)
1483 2630 1601 2665 dictus

974 2687 1077 2727 „hore
1094 2685 1210 2722 illic:-
1238 2687 1369 2734 Neque
1389 2695 1510 2725 tamen
1529 2687 1605 2722 Ho-
