1656 2990
291 226 382 281 ηε
598 225 669 268 Μ.
704 225 834 268 FAB.
871 212 1284 284 QUINTILLANI‘

251 346 444 401 adiurit
463 347 558 408 p).·
599 355 649 391 et
669 348 895 393 immunis
919 347 1086 407 (illud
1105 347 1258 404 enim,
1289 349 1432 412 quod
1453 352 1589 398 veri-

287 432 359 469 tas
382 421 562 483 exigit,
600 418 858 483 sequentis
887 419 1108 484 syllabae
1132 420 1259 478 sono
1282 425 1503 482 victum,
1540 443 1588 472 m

251 497 491 560 9gemina
517 496 912 559 commutatur).
989 495 1073 544 Est
1095 498 1247 544 etiam
1268 499 1325 545 in
1349 498 1588 554 dividen-

269 571 364 618 *dis
388 570 556 618 verbis
580 569 891 627 observatio,
929 571 1151 619 mediam
1182 573 1379 620 literam
1410 573 1587 630 conso-

282 655 492 694 nantem
516 645 704 708 priori,
742 662 806 692 an
828 645 1062 710 sequenti
1083 646 1304 711 syllabae
1329 648 1585 712 adjungas.

285 716 535 790 Arzgfpeoc
585 722 751 777 enim,
799 723 921 784 quia
962 739 1076 786 pars
1118 726 1225 782 ejus
1270 722 1528 787 posterior
1561 740 1590 771 a

270 792 553 867 spectando
583 795 678 853 est,
702 792 754 866 s
771 797 971 844 literam
1004 799 1179 845 tertiae
1213 798 1380 847 dabit:
1422 794 1588 867 abste-

363 937 399 961 et
435 927 592 961 immunis
628 924 746 970 (illud
781 928 880 960 enim.
936 925 994 964 Sic
1030 936 1066 960 et
1105 926 1394 977 interpungendo
1433 930 1468 962 e‘t
1506 927 1587 962 scri-

281 978 402 1016 bendo
440 981 569 1016 videor
607 980 687 1014 loco
726 980 942 1015 succurriffe.
999 981 1142 1032 Vulgo,
1182 991 1225 1015 ut
1253 992 1288 1016 et
1319 983 1442 1020 Gesn..
1482 982 1618 1023 haece

280 1039 353 1076 „Et
385 1037 567 1074 inmunis,
599 1035 693 1069 illud
726 1050 748 1069 n
768 1045 859 1069 cet.“
888 1046 923 1069 et
953 1038 1042 1070 imm.
1072 1037 1203 1083 pendet
1233 1037 1276 1071 ab
1307 1051 1382 1072 cum
1409 1037 1508 1076 dico.
1536 1050 1590 1071 ra-

281 1093 398 1126 tiones
430 1090 694 1139 parenthesibus
732 1090 972 1124 includuntur
1012 1091 1188 1135 subjectis.
1247 1092 1304 1126 Sic
1339 1090 1587 1139 supplemento

281 1146 567 1194 Capperonnerii
606 1148 642 1180 in
675 1154 756 1179 ante
797 1148 888 1179 imm.
925 1157 999 1178 11011
1036 1145 1134 1181 111111.)
1117 1137 1254 1192 gemus.
1321 1145 1428 1196 Quod
1465 1156 1586 1181 autem

278 1205 368 1237 enim
397 1201 500 1249 posui
528 1213 595 1248 pro
626 1214 667 1238 n,
711 1200 809 1247 quod
839 1200 885 1234 est
913 1201 951 1233 in
982 1177 1151 1234 omnibus
1182 1200 1260 1234 edd.
1286 1210 1427 1248 praeter
1455 1213 1586 1240 unam,

277 1270 386 1304 quaxn
409 1256 555 1304 quidem
578 1255 677 1293 vidi,
704 1257 833 1291 Venet.
861 1262 996 1301 1494,
1025 1255 1267 1289 concinnitate
1293 1255 1441 1301 jubente
1469 1246 1586 1290 fecill‘e

275 1312 418 1348 videor.
491 1310 656 1358 Abrupta
697 1320 771 1344 erat
809 1312 924 1344 matio
955 1320 990 1344 et
1021 1311 1226 1360 confragosa
1259 1311 1295 1343 111
1322 1320 1482 1357 recepta,
1521 1311 1587 1345 ubi

274 1381 300 1402 n
334 1366 509 1415 accipitur
554 1367 625 1413 ipsa
667 1364 782 1399 litera.
856 1363 1022 1402 Accedit,
1063 1366 1162 1411 quod
1203 1364 1427 1412 Quintiliano
1464 1365 1585 1400 literas

274 1432 408 1467 neutro
438 1433 567 1471 genere
597 1420 762 1467 usurpari
789 1431 862 1453 non
887 1420 1059 1458 memini,
1088 1432 1292 1466 quanquam
1317 1421 1391 1456 Cic.
1418 1419 1462 1454 de
1483 1421 1584 1456 Orat.

276 1486 322 1515 2,
354 1486 403 1524 59
445 1476 540 1510 dixit
579 1478 646 1510 tria
682 1476 734 1513 L,
774 1475 843 1508 duo
868 1477 929 1514 Nn
983 1475 1081 1521 quod
1115 1484 1292 1509 memorat
1322 1474 1519 1510 Cledonius
1547 1488 1584 1523 p.

275 1532 417 1567 Putsch.
443 1537 540 1575 1831
558 1555 567 1568 ,
597 1530 662 1564 ubi
692 1539 726 1563 et
747 1539 919 1563 neutrum
939 1537 977 1564 et'
995 1530 1212 1563 femininum
1231 1543 1344 1579 genus
1363 1530 1585 1576 frequentari

276 1587 392 1621 docet.
450 1586 622 1631 Denique
639 1587 777 1632 gemina
799 1599 852 1623 m,
880 1597 953 1618 non
974 1585 1078 1618 litera
1098 1599 1119 1617 n
1138 1595 1393 1625 commutatur,
1407 1585 1463 1619 sed
1483 1585 1583 1623 illud,

276 1642 370 1691 quod
398 1644 525 1676 veritas
553 1640 616 1683 (h.
639 1653 668 1673 e.
701 1641 878 1681 etymon)
906 1642 1021 1686 exigit
1052 1640 1077 1673 i.
1099 1652 1128 1673 e.
1159 1654 1182 1674 η
1201 1649 1236 1673 et
1254 1653 1299 1674 m.
1353 1641 1517 1678 Notum,
1545 1652 1584 1679 n,

276 1696 420 1731 duobus
453 1696 596 1743 punctis
622 1694 820 1733 inclusum,
850 1695 888 1728 in
922 1694 1036 1730 codd.
1066 1695 1131 1728 effe
1160 1706 1226 1741 pro
1255 1696 1364 1733 enim,
1393 1707 1483 1742 quae
1511 1696 1583 1742 ipsa

274 1762 408 1800 puncta
440 1751 567 1785 desunt
595 1751 801 1788 interdum,
831 1749 932 1784 ficuti
960 1749 1071 1783 modo
1100 1751 1137 1783 in
1158 1750 1268 1788 Goth.
1288 1749 1326 1783 in
1343 1749 1435 1784 istis:
1458 1748 1582 1796 secun-

274 1808 355 1841 dam
378 1809 478 1841 enim.
517 1809 564 1840 Et
585 1806 659 1839 fere
681 1817 763 1839 cum
785 1805 928 1852 punctis
950 1805 988 1838 in
1008 1814 1098 1839 vett.
1120 1804 1198 1838 edd.
1218 1804 1353 1853 legitur
1373 1819 1435 1839 .n.
1462 1803 1580 1848 (11.1.)

273 1871 316 1895 ut
339 1863 399 1897 vel
418 1874 476 1895 eae
495 1873 611 1895 meam
633 1860 808 1895 rationem
831 1860 1021 1894 defendere
1038 1859 1169 1907 poffint
1186 1859 1317 1895 videri.
1370 1858 1437 1894 Sed
1466 1860 1584 1906 affuut

273 1917 372 1952 Voff.
410 1931 440 1950 1.
472 1926 508 1950 et
536 1918 663 1953 Venet.
695 1916 818 1952 dantes
853 1915 1030 1962 express'e:
1069 1917 1169 1949 enim.
1227 1916 1396 1950 Ceterum
1425 1916 1582 1949 immunis

273 1985 357 2006 cum
386 1981 477 2006 vett.
509 1971 590 2006 edd.
619 1970 788 2004 omnibus
817 1969 931 2003 malui
961 1969 1134 2010 scribere,
1159 1982 1267 2016 quam
1290 1971 1454 2007 inmunis,
1483 1968 1583 2016 qnod

275 2039 358 2061 cum
379 2026 470 2062 Obr.
493 2025 670 2062 dederunt
689 2027 813 2060 Burm.
836 2037 950 2071 eoque
969 2027 1196 2059 recentiores.
1233 2024 1348 2060 Codd.
1367 2023 1478 2059 multi
1497 2036 1580 2060 cum

270 2091 359 2116 vett.
382 2081 461 2115 edd.
482 2081 658 2116 videntur
678 2080 802 2118 facere,
832 2082 892 2113 etsi
913 2079 987 2113 duo
1010 2081 1100 2117 mci,
1130 2081 1152 2113 fi
1175 2090 1270 2114 recte
1290 2077 1450 2118 contuli,
1479 2088 1582 2113 tuen-

271 2147 332 2171 tur
353 2139 431 2170 inm.
453 2146 494 2170 ut
515 2146 550 2170 et
570 2136 667 2173 Voss.
695 2149 726 2168 1.
748 2135 812 2168 ubi
831 2135 876 2168 est
897 2137 930 2168 in
951 2148 1081 2169 munus.
1139 2135 1233 2170 Cum
1255 2130 1365 2168 rhodo
1385 2133 1580 2183 legerimus

271 2193 440 2230 obtinuit,
470 2203 545 2225 non
571 2193 744 2239 optinuit,
777 2190 882 2223 etiam
913 2189 973 2222 hic
1002 2188 1150 2223 videtur
1181 2190 1317 2223 secutus
1349 2200 1578 2222 communem

269 2248 479 2298 scripturam
505 2248 573 2293 Qu.
632 2248 723 2279 Sunt
744 2243 907 2290 exempla
930 2244 991 2278 libi
1012 2245 1168 2278 invicem
1190 2245 1385 2281 contraria,
1416 2242 1580 2277 obtinen-

271 2311 328 2340 te,
358 2302 397 2334 in
426 2301 562 2348 primi,
591 2301 732 2334 latione
763 2309 887 2333 contla
914 2299 1276 2346 pronunciationem,
1305 2299 1343 2337 111
1370 2298 1578 2345 posteriori,

270 2366 396 2390 contra
422 2357 600 2390 rationem
629 2355 940 2402 pronunciatione.
1159 2354 1307 2388 mediam
1328 2353 1463 2388 literam
1485 2351 1577 2399 cons.

267 2413 322 2445 Ita
347 2411 467 2446 Guelf.
492 2421 526 2444 et
546 2423 670 2445 omues
692 2409 806 2446 Codd.
831 2419 865 2442 et
886 2409 966 2442 edd.
989 2392 1069 2442 ante
1087 2409 1215 2443 Bia-,sn
1237 2409 1275 2441 111
1297 2420 1386 2454 qua,
1415 2407 1578 2455 profecto

268 2478 372 2500 mero
412 2475 451 2512 t)
455 2478 526 2515 pog>
523 2465 633 2513 ruphi
662 2477 807 2502 e1···‚101e
847 2463 971 2497 omiffa
1001 2465 1080 2497 sunt
1109 2463 1215 2497 haec:
1256 2463 1403 2498 mediam
1430 2457 1587 2496 literatus

269 2523 351 2555 Hoc
373 2521 527 2568 sphalma
547 2529 793 2570 propagarunt
807 2520 918 2565 Capp.
939 2520 1040 2552 Gesn.
1063 2519 1143 2564 Rip.
1339 2517 1447 2551 dabit.
1476 2518 1579 2551 Hane

268 2577 499 2622 scripturam,
529 2576 636 2610 solam
657 2587 800 2612 veram,
826 2583 951 2607 tuetur
971 2573 1104 2611 Guelf„
1127 2585 1210 2606 cum
1231 2570 1342 2606 Goth.
1364 2571 1462 2608 Vols.
1486 2580 1519 2604 2.
1541 2580 1576 2606 et

267 2631 346 2665 edd.
370 2640 481 2669 vett.,
511 2641 591 2664 ante
612 2629 833 2677 Gryphium,
861 2629 935 2662 fere
958 2639 1081 2662 omnes
1104 2627 1189 2661 derit
1207 2639 1357 2674 pravam
1377 2626 1545 2661 dabimus.

315 2730 405 2764 illud
439 2748 490 2756 -—-
521 2739 761 2764 commutatur.
816 2727 894 2763 vid.
924 2726 1115 2775 notQCrit.
