1656 2990
206 235 332 266 xx1v
639 221 1082 268 PRAEFATIO.

206 359 344 392 anno
381 339 662 409 superioris
700 342 860 392 seculi
890 345 1044 394 tertio
1080 339 1141 392 et'
1161 341 1513 413 nonagesimo,

206 446 234 478 a
255 432 500 491 Gibsono,
532 435 626 498 qui
646 446 766 481 cum
785 431 1090 482 Leidensem
1111 432 1333 481 rhet-oris
1352 430 1516 480 nostri

205 519 491 568 editionem
511 531 778 586 repeteret,
817 520 882 568 de
902 520 997 570 suo
1017 520 1218 570 addidit
1236 522 1292 570 C.
1316 529 1432 568 ante
1451 522 1517 575 Τ,Ι

205 608 306 656 Sed
342 608 525 658 habuit
558 611 648 658 ille
686 620 919 659 auctores
952 608 1232 674 scripturae
1254 607 1380 658 suae
1410 623 1518 656 ma-

204 712 334 760 gnos
358 699 500 748 viros
522 708 572 746 et
591 700 644 746 in
670 700 854 763 primis
873 698 1145 763 diligentes
1163 707 1223 745 ut
1243 697 1519 761 Sigonium

204 784 464 849 Lipfium,
524 788 824 844 Muretum,
882 788 938 833 G.
980 788 1016 834 Ι.
1055 785 1309 842 Voffium,
1364 784 1519 840 alios:

206 873 459 922 Codicem
490 874 707 940 quidem
744 877 854 924 MS.
895 890 1082 924 vereor
1113 883 1175 922 ut
1204 873 1407 930 ullum,
1461 873 1520 920 in

205 952 318 1026 ipso
347 962 522 1012 nostri
546 973 682 1010 certe
708 961 971 1028 scriptoris
1006 963 1247 1019 nomine,
1308 977 1430 1009 cum
1459 961 1519 1008 in

206 1053 434 1114 cognatis
473 1052 872 1119 Quinctiorum,
923 1051 1362 1119 Quinctiliorum,
1409 1065 1522 1098 non

206 1154 317 1186 rara
367 1137 463 1188 smt
510 1140 670 1200 liujus
713 1139 993 1204 scripturae
1038 1138 1286 1202 exempla.
1379 1138 1521 1186 Nam

207 1225 355 1291 quod
392 1238 455 1275 e'x
487 1227 770 1288 Bodleiano
805 1227 934 1277 cod.
971 1225 1229 1275 Gibsonus
1258 1226 1317 1274 in
1344 1223 1520 1273 fronte

206 1316 379 1379 operis
424 1317 495 1364 ita
535 1308 790 1381 signatum
814 1332 1030 1366 'nomen
1072 1311 1255 1362 afferre
1295 1299 1523 1371 videtur,¹⁴

204 1401 263 1450 id
294 1401 528 1453 consulto
559 1403 728 1452 fecisse
764 1419 889 1453 eum
917 1406 1009 1452 vix
1041 1400 1223 1461 credo,
1274 1402 1525 1466 quoniam

207 1490 273 1538 de
307 1491 399 1538 ista
437 1494 679 1540 varietate
719 1493 814 1542 illo
854 1494 970 1541 loco
1007 1493 1220 1557 proprie
1255 1507 1366 1539 non
1405 1490 1528 1554 agit:

208 1578 309 1626 Sed
348 1590 545 1644 negant
572 1579 681 1628 fere
714 1582 772 1629 in
803 1580 993 1629 talibus
1030 1570 1389 1628 auctoritatem
1428 1574 1524 1624 effe

147 1680 151 1683 “
207 1667 453 1716 idoneam
488 1669 749 1717 Codicum
790 1671 934 1720 Mas.
976 1669 1172 1733 quippe
1202 1675 1526 1716 exaratorum

210 1756 272 1804 ab
318 1757 510 1820 ignaris
552 1749 869 1821 plerumque
911 1757 1076 1804 medii
1119 1757 1236 1804 aevi
1274 1753 1526 1810 librariis}

209 1855 391 1893 contra
434 1846 696 1910 appellant
732 1844 931 1909 lapides
977 1858 1332 1905 nummosque
1374 1849 1528 1888 vetu-

211 1932 338 1990 stos,
397 1935 639 1982 certiores
685 1932 807 1980 illos
850 1941 901 1977 et
942 1931 1279 1994 perenniores
1324 1927 1529 1991 antiqui

209 2022 371 2068 moris
401 2019 560 2068 testes.
632 2019 800 2066 Etiam
835 2018 1000 2082 etymi
1028 2016 1319 2065 rationibus
1350 2016 1532 2063 nitun-

213 2118 316 2165 tur,
358 2125 386 2156 a
414 2125 521 2173 quo
541 2107 599 2155 in
625 2088 930 2155 nominibus
956 2106 1184 2169 propriis
1217 2103 1424 2169 parcius
1440 2105 1531 2153 'ree-

214 2195 403 2245 celsum
424 2190 603 2254 fuerit,
639 2211 798 2259 quam
817 2195 875 2242 in
895 2192 1344 2258 appellationibus.
1420 2187 1532 2238 Effe

216 2285 360 2331 enim
394 2283 488 2334 α’,πό
523 2286 602 2332 τοῦ
644 2297 946 2343 QUINQUE
990 2278 1272 2344 repetenda
1306 2282 1532 2338 ejusmo-

217 2371 273 2419 di
319 2372 548 2421 nomina.
637 2370 738 2419 Sed
778 2386 846 2418 ne
894 2371 1167 2418 marmoris
1219 2366 1437 2432 quidem
1484 2373 1536 2412 et

196 2459 346 2507 'aeris
394 2456 686 2523 ponderosa
732 2457 851 2506 sane
901 2458 1174 2505 auctoritas
1225 2458 1421 2516 majore
1471 2468 1534 2500 ex

218 2556 362 2612 parte
385 2545 688 2610 astipulatur
717 2547 808 2603 iis,
844 2545 1043 2594 nedum
1068 2553 1127 2591 ut
1157 2553 1263 2591 tota
1286 2558 1374 2591 eos
1398 2529 1533 2589 tutess

222 2645 322 2684 tur.
400 2633 589 2683 Adhuc
611 2631 817 2683 nonnisi
848 2631 1020 2683 unum
1048 2630 1300 2696 lapidem,
1338 2643 1533 2678 unum-
