1656 2990
249 226 313 278 ³4
551 217 632 263 -Μ,
665 219 798 262 FAB.
835 215 1247 278 QUINTILIANI

246 339 591 406 pretationem
628 341 838 405 linguae
872 338 1183 405 secretioris,
1222 355 1348 403 quas
1379 339 1559 388 Graeci

249 415 471 479 γλώσ-σας
506 425 719 470 vocant,
759 415 886 463 dum
915 415 1057 462 aliud
1081 415 1274 478 agitur,
1318 413 1557 471 ediscere,

249 500 300 536 et
323 491 459 536 inter
481 491 647 553 prima
670 491 921 536 elementa
947 488 1194 552 consequi
1217 505 1355 546 rem,
1384 487 1559 554 postea

247 565 526 628 proprium
563 575 767 649 tempus
806 563 1215 612 defidewaturam
1291 568 1378 621 Et,
1426 580 1558 627 quo-

247 639 391 686 niam
434 638 605 686 adhuc
649 640 781 686 ciica
824 655 904 686 res
943 648 1125 686 tenues
1167 655 1459 696 moramur,
1516 638 1559 685 ii

249 729 460 777 quoque
483 711 683 770 ve1sus
720 715 814 777 qui
837 713 901 760 ad.
932 715 1276 762 imitationem
1300 710 1559 761 scribendi

247 799 638 852 proponentur,
698 806 811 836 non
854 788 1037 837 otiosas
1079 790 1242 836 velim
1284 787 1558 836 sententias

246 863 494 920 habeant,
558 861 647 910 sed
695 862 975 912 honestum
1023 864 1223 928 aliquid
1271 872 1555 913 monentes.

185 936 585 1001 56P1-0sequitur
614 939 740 986 haec
759 940 1012 988 memoria
1041 940 1098 987 in
1129 938 1468 995 senectutem,
1507 946 1558 984 et

244 1011 481 1081 impreffa
521 1014 695 1062 animo
738 1013 885 1071 rudi,
935 1030 1104 1078 usque
1137 1014 1202 1061 ad
1233 1030 1403 1062 mores
1433 1029 1556 1078 pro·-

245 1086 395 1135 ficiet.
489 1090 657 1136 Etiam
708 1088 842 1136 dicta
894 1090 1154 1137 clarorum
1190 1090 1456 1144 virorum,
1504 1097 1556 1135 et

246 1164 462 1220 electos,
514 1180 575 1211 ex
615 1165 779 1228 poetis
818 1165 1039 1212 maxime
1080 1165 1336 1228 (namque
1370 1178 1557 1210 eorum

243 1239 419 1303 parvis
462 1239 692 1303 cognitio
734 1240 927 1304 gratior
968 1238 1098 1302 est),
1145 1240 1288 1288 locos
1333 1235 1557 1285 ediscere

244 1314 382 1362 inter
409 1312 584 1362 lusum
605 1315 737 1361 licet.
813 1316 953 1362 Nam
977 1324 1026 1361 et
1045 1315 1266 1362 maxime
1288 1309 1557 1361 neceffaria

245 1388 317 1436 est
350 1390 542 1438 oratori
574 1388 733 1451 (ficut
764 1388 859 1438 suo
897 1391 1015 1438 loco
1048 1388 1250 1452 dicam)
1279 1388 1555 1444 memoria:

246 1474 298 1511 et
329 1481 386 1511 ea
419 1465 692 1528 praecipue
731 1463 964 1512 firmatur
997 1475 1150 1527 atque
1178 1465 1336 1511 alitur
1366 1463 1557 1510 exerci-

245 1539 466 1587 tatione:
509 1549 559 1586 et
581 1541 638 1586 in
663 1540 753 1596 iis,
792 1539 857 1587 de
877 1540 1066 1603 quibus
1091 1556 1233 1586 nunc
1261 1539 1557 1602 loquimur,

245 1613 516 1670 aetatibus,
562 1631 694 1678 quae
729 1615 866 1662 nihil
898 1615 1028 1662 dum
1060 1613 1196 1679 ipsae
1228 1631 1289 1660 ex
1322 1612 1373 1660 se
1403 1629 1558 1677 gene-

245 1705 356 1737 rare
382 1700 608 1754 queunt,
645 1706 811 1755 prope
829 1689 934 1738 sola
953 1688 1052 1746 est,
1085 1706 1216 1753 quae
1238 1690 1410 1750 juvari
1434 1703 1556 1736 cura
1567 1704 1621 1746 24

329 1840 447 1881 iuvari
466 1851 560 1873 cura.
617 1839 721 1872 Hanc
741 1837 952 1885 scripturam
975 1839 1075 1875 Voss'.
1103 1848 1125 1872 2
1149 1848 1185 1872 et
1205 1838 1317 1874 Goth.
1340 1837 1404 1873 soli
1427 1836 1560 1873 habero

183 1896 185 1899 ’
245 1892 433 1928 videntur.
495 1892 616 1928 Guelf.
654 1905 739 1927 cum
771 1893 849 1927 aliis
874 1896 1001 1938 juvare
1031 1907 1168 1932 curam,
1196 1906 1262 1927 nec
1295 1893 1342 1928 est
1364 1892 1560 1940 spernenda

243 1947 332 1982 haec
362 1949 470 1982 ratio.
527 1948 690 1993 Adiuvat
723 1960 846 1983 curam
878 1948 1042 1982 docentis
1075 1961 1114 1982 ea
1145 1948 1215 1982 sola
1237 1949 1274 1981 in
1299 1948 1423 1995 parvis
1446 1948 1560 1982 animi

242 2002 414 2043 facultas,
456 2015 539 2036 cum
579 2012 713 2036 ceterae
746 2003 864 2037 adhuc
898 2003 1001 2050 plane
1036 2005 1104 2038 smt
1136 2005 1247 2038 newis
1279 2005 1401 2038 alienis
1434 2003 1559 2038 mobile

243 2058 292 2105 lig
278 2071 391 2092 ⁰·.num
468 2058 544 2094 Vix
581 2066 700 2091 tamen
732 2070 840 2107 neges
873 2069 1004 2093 ceteras
1037 2057 1113 2092 ullo
1147 2058 1272 2092 modo.
1291 2058 1388 2107 poffe
1426 2059 1559 2102 juvazi.

243 2112 417 2150 judicent
447 2112 664 2160 peritiores;
703 2125 787 2146 nam
817 2122 853 2146 et
881 2122 1022 2161 iecepta
1056 2106 1185 2150 habet,
1214 2124 1288 2159 quo
1320 2114 1352 2147 se
1377 2111 1557 2146 defendat.

247 2167 471 2214 Gedoynus:
525 2166 561 2202 la
600 2167 778 2202 memoire
811 2167 859 2201 est
900 2167 934 2202 la
972 2167 1067 2203 seule
1100 2168 1202 2203 chose
1234 2167 1304 2216 qui
1333 2166 1477 2217 soulage
1508 2178 1559 2202 un

246 2223 389 2257 maitre.

303 2366 411 2400 usque
449 2353 498 2387 ml
545 2365 658 2388 mores
702 2351 877 2402 proficiet.
934 2351 1078 2388 cesserit
1102 2350 1325 2401 prosequitur
1349 2355 1383 2387 in
1400 2351 1560 2400 senecen·

247 2407 307 2442 Est
338 2407 458 2454 aliqua
487 2406 680 2442 difficultas
713 2406 755 2440 in
787 2419 880 2442 voce
934 2417 1025 2446 tem,
1062 2406 1168 2454 spatii
1199 2406 1258 2441 vel
1291 2407 1465 2455 temporis
1496 2407 1560 2445 ali,-

247 2475 370 2500 mores,
391 2476 501 2509 quare
524 2461 800 2496 Almelovenius
823 2474 880 2499 co·
934 2474 1042 2508 quem
1064 2461 1172 2496 finem
1196 2461 1344 2507 jubebat
1358 2473 1558 2510 expectare,

250 2516 389 2567 gitabat
410 2518 454 2551 de
478 2517 706 2556 mutatione,
735 2527 778 2551 ut
799 2517 880 2552 scri·
934 2527 970 2550 et
994 2516 1208 2551 frustrantur
1230 2529 1298 2551 nos
1321 2518 1560 2564 quodamqu

249 2572 398 2606 beretur
445 2583 589 2606 mortem
632 2584 701 2619 pro
746 2585 879 2612 mores,-
933 2571 980 2605 do
1002 2585 1113 2606 mores
1133 2571 1200 2606 isti.
1259 2575 1483 2619 Interpretor
1503 2586 1558 2606 us·

248 2626 422 2662 sententia
461 2627 572 2660 nimis
606 2628 740 2673 jejuna.
809 2627 877 2661 Sed
935 2641 999 2675 quo
1016 2627 1064 2660 ιιιί
1082 2640 1191 2661 mores
1211 2628 1385 2674 proficiet,
1403 2627 1447 2661 ad
1462 2628 1557 2674 ipso}

249 2695 378 2732 usquo,
418 2681 629 2730 praesertim
662 2694 746 2718 cum
782 2691 880 2716 ante·
934 2693 1053 2716 mores
1088 2682 1298 2732 pertinget*
1339 2682 1558 2728 penetrabit,-
