1656 2990
513 195 968 274 PRAEFATIO.
1262 238 1421 273 vau

67 364 194 405 cum
245 349 664 399 communicavit
713 348 801 397 vir
851 349 930 397 rei
978 347 1224 417 librariae
1271 360 1415 399 vete-

66 459 192 493 rum
222 439 541 506 scriptorum
565 437 922 504 peritiffimus,
959 441 1415 505 Brugg'emannus,

68 532 168 597 qui
196 547 388 597 nuper,
412 531 470 578 in
492 529 821 579 editionibus
833 531 1212 579 Britannorum
1234 528 1412 582 studio

66 622 277 679 curatis,
303 619 545 677 ostendit,
567 631 767 684 quanto
791 620 1074 670 intervallo
1096 630 1414 681 ceterorum,

66 713 164 777 qui
193 711 330 760 hanc
357 708 582 775 spartam
613 707 899 768 ornassent,
946 709 1263 760 industriam
1295 710 1413 776 post

65 800 118 850 se
158 802 498 865 relinqueret.
582 800 1041 850 Commentarium
1076 799 1248 850 adhuc
1290 799 1414 851 dili-

65 889 415 957 gentissimum
465 900 518 940 et
566 887 969 954 copiofiffimum
1018 889 1086 939 ad
1132 890 1236 940 hoc
1277 906 1414 957 opus

66 976 412 1046 composuiffe
455 978 592 1028 mihi
639 977 860 1043 quidem
906 978 1129 1028 videtur*
1175 981 1414 1048 Raphiae}

63 1071 281 1135 Regius,
329 1069 426 1134 qui
469 1066 507 1117 fi
547 1068 722 1117 Vallae
763 1069 933 1117 multa
971 1066 1224 1134 sublegit,
1274 1088 1412 1135 quae

63 1159 137 1209 est
182 1158 335 1210 Badii
388 1156 616 1207 Ascenfii
679 1156 966 1231 accusatio,
1043 1176 1209 1209 manu
1259 1159 1413 1210 ascri·

62 1261 175 1318 ptas
225 1251 284 1300 in
334 1248 534 1299 Codice
581 1246 676 1297 suo
727 1259 878 1298 notas
919 1251 1272 1301 Laurentinas
1319 1251 1411 1301 ha-

62 1342 261 1400 bentis,
322 1339 478 1390 nobis
519 1349 696 1387 tamen
741 1348 926 1404 auctor
965 1337 1189 1389 suorum
1226 1341 1412 1393 haberi

63 1431 245 1490 debet,
295 1431 554 1496 quoniam
599 1430 876 1479 Laurentii
917 1430 1096 1480 Vallae
1130 1431 1222 1480 illa
1264 1449 1411 1480 com-

61 1531 238 1584 menta
278 1530 499 1569 aetatem
547 1536 660 1568 non
703 1520 955 1570 tulerunt.
1073 1523 1217 1571 Nam
1259 1523 1410 1589 quod

61 1614 260 1661 Veneta
301 1610 466 1659 editio
507 1611 726 1677 (1494)
775 1611 935 1660 titulo
982 1614 1247 1677 promittit
1287 1614 1409 1662 Val-

60 1702 167 1750 lam
206 1699 609 1750 Institutionum
650 1701 840 1750 harum
880 1702 1240 1766 interpreten‘l,
1295 1687 1410 1764 eius

59 1801 248 1848 notae,
316 1800 378 1838 ut
418 1799 603 1838 monet
647 1792 804 1839 etiam
842 1791 1092 1842 Ernestus
1142 1792 1267 1841 bibl.
1321 1795 1408 1844 lat.

61 1899 111 1947 p.
141 1884 265 1940 269.
305 1880 445 1929 ultra
485 1877 779 1938 secundum
823 1880 1026 1930 librum
1059 1897 1171 1930 non
1210 1885 1411 1949 pertin-

63 1979 210 2036 gunt.
286 1969 525 2019 Eandem
564 1984 693 2016 vero
737 1966 835 2017 effe
877 1970 1106 2034 primam
1131 1972 1308 2020 Vallae
1350 1975 1410 2024 in

64 2059 161 2109 hac
202 2057 439 2108 editione
478 2067 676 2115 notam,
718 2067 769 2107 et
806 2059 963 2124 Regii
996 2060 1054 2108 in
1094 2064 1408 2113 Locatellia-

64 2166 159 2206 na,
220 2147 371 2214 quod
421 2157 598 2197 narrat
641 2147 783 2197 idem
825 2148 1098 2209 Erneffixs,
1155 2154 1410 2218 equidem

61 2254 176 2288 non
233 2240 460 2304 reperio.
565 2237 668 2288 Sed
713 2239 982 2289 rectissime
1034 2242 1409 2296 animadvertit

63 2331 398 2378 Burmannus
437 2330 495 2378 in
536 2325 697 2394 praef.
746 2331 944 2386 „multa
970 2331 1200 2395 Regium
1229 2349 1409 2383 emen-

63 2418 236 2478 „dare,
276 2436 411 2483 quae
443 2421 547 2467 VV.
584 2421 704 2468 DD.
747 2420 805 2468 in
845 2420 993 2468 Italia
1030 2420 1087 2469 in
1128 2419 1242 2486 ipso
1275 2426 1410 2488 Pog-

64 2506 173 2575 „gii
211 2507 428 2566 Codice,
466 2506 584 2557 satis
627 2506 838 2566 vitioso,
879 2512 983 2570 jam
1009 2511 1263 2560 mutanda
1287 2530 1409 2563 cen-

66 2597 347 2657 „suerintst‘
435 2600 512 2646 Ex
550 2599 720 2664 Regio
761 2597 1010 2666 deinceps
1052 2600 1280 2650 editores
1315 2605 1410 2651 Fa-

65 2688 160 2747 bii,
199 2677 528 2754 duicumque
568 2687 774 2754 aliquid
806 2690 1170 2755 explicationis
1209 2692 1410 2752 adjece-

839 2795 869 2827 e
911 2794 938 2828 Ω
