1656 2990
229 234 325 284 μδ
551 229 626 274 Μ.
660 230 790 275 ΕΑΒ.
828 229 1235 289 QUINTILIANJ

324 342 514 412 Αἶα-χςον
533 348 698 410 σιωπᾷν
712 383 724 403 ,
756 353 831 396 καὶ
851 346 1134 414 Ἰσ-σκροίτην’
1117 349 1191 411 εᾷν
1220 347 1375 414 λέγειν.

331 423 463 475 Turpe
481 418 558 481 effe
575 432 723 470 tacere,
753 433 794 464 et
813 418 1044 484 Isocratem
1069 427 1168 479 paci
1183 426 1328 468 dicere.

303 572 461 625 Δίσχρόν
480 595 534 603 -
554 575 679 621 λέγειν.
747 576 807 614 Sic
843 579 987 615 versum
1016 579 1193 615 Graecum
1231 577 1346 615 Codd.
1387 587 1529 628 praeter

222 641 339 664 unum
370 630 477 670 dant,
513 643 690 678 quantum
716 635 847 671 video,
877 645 1022 674 omnes,
1060 633 1139 668 edd.
1171 638 1292 668 autern
1321 646 1419 668 meae
1446 643 1529 669 ante

221 684 431 720 Leidensem
453 699 602 728 omnes3
641 689 707 724 nisi
734 687 833 737 quod
866 701 934 736 pro
961 686 1178 738 Ἰσοκράτην,
1219 689 1372 724 rectiore
1398 689 1528 728 forma.

221 739 411 787 pleraeque
432 754 514 776 cum
536 743 650 779 Codd.
672 746 880 792 praeferunt
898 740 1086 794 Ἰσοκράτη,
1151 744 1260 779 Pinus
1277 743 1343 779 fibi
1361 744 1460 780 visus
1481 744 1536 791 est..

220 794 411 830 emendare
430 798 576 832 versum
602 799 789 835 inserendo
815 799 879 842 μὲν
904 801 981 849 post
1010 798 1162 846 σιωπᾷν,
1198 811 1315 846 neque
1336 808 1453 834 tamen
1473 810 1529 834 te-

221 849 304 884 ficto
325 850 397 885 καί.
454 853 576 898 Hujus
598 855 786 894 rationem,
822 855 952 902 septem
981 855 1089 904 pedes
1110 855 1342 889 inducentem
1360 865 1428 902 pro
1455 854 1528 893 sex,

220 904 314 938 miro
333 905 505 953 obsequio
527 917 724 944 tenuerunt
749 910 968 946 recentiores
980 935 990 950 ,
1029 923 1111 944 cum
1131 910 1258 946 Codex
1276 909 1528 957 astipularetur

217 959 353 994 nullus.
409 963 506 997 Nam
533 973 570 997 et
596 965 715 1000 Guelf.
747 975 783 1000 et
811 965 926 1001 Goth.
957 963 1054 1015 (tac.
1085 966 1189 1001 Gesu.
1203 967 1222 1012 )
1249 965 1428 1000 omittunt.
1447 965 1528 1010 μέν,

218 1027 336 1062 neque
355 1015 560 1052 editionum
584 1018 658 1054 ulh
679 1019 808 1059 habet,
837 1031 879 1055 ut
900 1020 1081 1056 silentium
1105 1033 1255 1060 eorum.
1281 1019 1346 1067 qui
1365 1031 1420 1055 eas
1440 1031 1526 1054 cum

216 1070 332 1104 Codd.
364 1072 652 1113 contenderunt,
687 1074 783 1110 nulli
812 1077 854 1110 fit
883 1088 921 1109 al
922 1086 1111 1126 gumento.
1174 1075 1376 1111 Britannici
1407 1061 1524 1111 Codd.

218 1124 282 1159 soli
309 1126 372 1167 μὲν
395 1126 526 1162 habere
556 1130 731 1176 putandi,
772 1132 798 1165 fi
817 1106 944 1166 fidel?
943 1131 990 1166 est
1008 1130 1160 1166 Gibsoni
1179 1130 1372 1165 silentium.
1427 1130 1524 1165 Tota

216 1180 392 1215 orationis
412 1182 560 1216 forma·
549 1196 588 1218 m
611 1184 681 1219 hoc
699 1186 828 1224 versu,
865 1187 938 1221 ssve
959 1186 1083 1221 addito
1102 1187 1179 1220 sive
1209 1184 1337 1225 omiss'o
1363 1185 1429 1230 μὲν
1457 1187 1475 1228 (
1486 1193 1527 1228 οίιμ

215 1247 260 1270 ne
281 1237 325 1270 sic
347 1236 495 1283 quidem
520 1239 652 1274 constat
671 1242 879 1287 metrum),
911 1253 1018 1287 quam
1039 1242 1080 1274 fit
1101 1240 1212 1278 dura,
1242 1241 1366 1288 sponte
1391 1238 1525 1277 intelli-

214 1291 327 1340 citur.
397 1293 526 1338 Neque
556 1303 676 1328 tamen
709 1294 861 1334 sufficit,
874 1295 998 1344 quod
1026 1295 1239 1345 Menagius,
1277 1294 1447 1330 Davifius
1478 1293 1525 1328 ad

214 1346 317 1380 Tusc.
344 1359 384 1384 1,
414 1352 452 1392 4,
480 1347 615 1395 aliique
642 1359 813 1388 monent,
851 1349 1045 1400 legendum
1076 1324 1158 1385 effen
1171 1345 1224 1384 '.A
1246 1363 1278 1384 σ.
1297 1345 1336 1384 ’.1
1367 1345 1455 1394 δ”ἓξὲν
1482 1351 1522 1384 λ.

214 1413 259 1434 ex
279 1401 424 1435 Laertio
446 1409 492 1444 5,
519 1411 556 1446 5.
612 1403 724 1438 Aliud
752 1405 849 1439 enim
881 1405 927 1439 est
956 1404 1167 1439 structuram
1190 1406 1359 1440 Graecam
1382 1405 1530 1441 ordina.

215 1467 262 1493 re,
292 1454 390 1490 aliud
415 1456 530 1491 Codd.
559 1458 668 1492 fidem
697 1460 806 1505 sequi.
865 1459 983 1494 Habet
1011 1469 1132 1494 autem
1155 1459 1279 1495 nullus
1306 1458 1526 1507 Quintiliani

215 1509 343 1545 Codex
362 1505 398 1544 δ’
417 1523 484 1558 pro
510 1512 582 1546 καί.
635 1515 715 1552 Jam
736 1515 808 1561 ipsa
826 1513 913 1548 haec
932 1514 1128 1549 structurae
1147 1524 1184 1548 et
1206 1515 1317 1549 metri
1334 1514 1523 1554 vitiofitas,

213 1565 404 1610 conjuncta
425 1579 508 1601 cum
528 1567 585 1606 iis,
615 1581 705 1615 quae
722 1569 906 1616 disputavi
926 1570 965 1603 in
984 1579 1060 1604 not.
1082 1582 1138 1604 ex.
1150 1594 1160 1609 ‚
1183 1569 1269 1604 facit
1291 1578 1332 1605 ut
1352 1568 1522 1620 glossema

212 1629 339 1667 putem
352 1622 528 1656 Graecum
549 1625 694 1658 versum
707 1622 780 1658 hoc
797 1623 878 1658 loco
896 1626 1066 1671 positum,
1096 1637 1204 1671 quem
1224 1625 1342 1672 ipsum
1359 1624 1442 1659 dare
1458 1636 1524 1659 no-

211 1674 323 1709 luerit
343 1677 411 1723 Qu.
467 1678 555 1711 Erat
574 1688 694 1712 autem
715 1678 856 1713 solenne
877 1679 950 1713 fere
970 1679 1201 1718 rhetoribus,
1239 1678 1390 1726 aliisque
1412 1679 1522 1714 etiam

212 1730 456 1778 scriptoribus,
486 1732 658 1781 respicere
669 1733 711 1767 ad
725 1747 820 1772 eum,
850 1734 916 1780 qui
933 1734 972 1768 in
990 1734 1228 1782 proverbium
1243 1746 1353 1781 paene
1373 1733 1519 1768 abierat.

218 1787 267 1818 lm
286 1785 421 1820 sactum
442 1796 484 1821 ut
503 1788 611 1821 etiam
629 1788 688 1822 hic
699 1801 783 1825 eum
795 1789 1032 1839 fignificatum
1050 1802 1069 1823 a
1083 1791 1150 1835 Qu.
1163 1813 1172 1828 ,
1201 1788 1364 1823 afflueret
1384 1800 1521 1823 memo-

216 1839 312 1878 riter,
323 1841 390 1887 qui
401 1851 569 1876 tractaret
579 1843 863 1890 antiquissimum
877 1843 1033 1890 aliquem
1046 1844 1229 1882 Codicem,
1243 1843 1335 1878 male
1353 1857 1411 1878 και
1409 1841 1522 1878 effin-

211 1907 296 1945 gens
321 1908 367 1929 ex
379 1896 512 1931 Latino
524 1907 569 1932 et.
618 1898 760 1933 Refidet
773 1898 881 1933 altera
902 1898 1324 1934 difficultas.13arnesms
1341 1899 1523 1950 fragmen·

212 1961 288 1984 tum
310 1949 383 1984 hoc
403 1951 549 2002 assignat
571 1952 790 1988 Philoctetae
808 1953 996 2001 Euripidis
1019 1954 1231 2001 deperdito,
1268 1953 1371 1988 nullo
1399 1963 1520 1988 tamen

211 2005 450 2040 demonstrato
471 2017 639 2042 veterum
661 2007 762 2046 loco,
801 2008 867 2042 ubi
896 2008 1024 2043 discite
1056 2019 1182 2043 auctor
1212 2011 1254 2043 fit
1283 2018 1517 2044 memoratus.

212 2061 445 2110 Musgravius
476 2062 615 2109 primus
649 2075 695 2096 ex
725 2075 768 2097 eo
796 2062 897 2102 loco,
927 2076 1035 2110 quem
1056 2063 1252 2099 Gatakerus
1273 2064 1345 2110 jam
1368 2063 1520 2098 demon-

211 2115 402 2153 straverat,
432 2116 587 2152 alterum
611 2117 771 2164 ejusdem
802 2119 995 2168 fragmenti
1017 2121 1183 2157 versum,
1212 2118 1331 2153 nostro
1352 2119 1520 2166 praemis-

210 2171 308 2209 sum,
335 2171 444 2205 eruit.
511 2171 604 2206 Plut.
627 2172 709 2207 adv.
734 2172 851 2208 Colot.
883 2186 918 2220 p.
945 2181 1047 2219 ¹²08
1066 2176 1129 2212 Β.,
1160 2173 1226 2208 ubi
1247 2173 1353 2212 haec,
1383 2172 1518 2208 mniffls

210 2237 301 2271 quae
323 2225 444 2261 inserit
465 2225 691 2262 Plutarchus:
731 2222 833 2276 εΤπ-ἐρ
852 2241 891 2271 γε
910 2228 972 2267 μέν
990 2241 1045 2265 τοι
1072 2225 1199 2264 noem-35
1217 2223 1389 2268 Ελλήνων
1415 2239 1518 2279 στρα-

210 2293 271 2314 του
302 2277 457 2330 Αἷσχρόν
477 2279 627 2327 cmxiv,
655 2281 760 2329 plura
788 2284 885 2316 euim
908 2296 981 2316 non
1002 2284 1194 2333 leguntur,
1223 2294 1264 2318 ut
1283 2283 1391 2318 altera
1409 2284 1521 2331 poste·

211 2336 318 2372 :ioris
348 2337 471 2370 versus
499 2349 599 2384 parm
646 2333 844 2386 βαρβάρους
872 2332 923 2371 δ”
907 2335 967 2382 εᾷν
997 2339 1128 2383 λέγειν,
1165 2336 1282 2373 adhuc
1309 2338 1490 2386 quidem'
1479 2350 1519 2372 m

210 2389 314 2425 nullo
335 2391 506 2438 scriptore
531 2393 662 2427 Graece
683 2402 906 2440 compareat,
945 2394 1000 2427 sed
1021 2394 1135 2428 efficta
1156 2396 1197 2427 fit
1221 2407 1238 2426 a
1257 2395 1338 2430 VV.
1361 2394 1448 2428 DD.
1470 2405 1516 2428 ex

211 2445 289 2479 loco
311 2446 550 2482 Ciceroniano
580 2446 692 2481 latino
723 2447 766 2482 de
796 2448 862 2484 Or.
888 2457 932 2490 5,
964 2457 1026 2491 35.
1094 2447 1162 2482 Sed
1190 2461 1236 2481 ne
1266 2447 1336 2482 hoc
1365 2446 1515 2495 quidem

211 2499 392 2534 Plutarchi
423 2500 504 2535 loco
533 2502 660 2537 diserte
686 2502 855 2549 Euripidi
888 2501 1104 2537 tribuuntur
1125 2503 1162 2536 hi
1182 2503 1325 2542 versus,
1355 2513 1390 2537 et
1407 2502 1514 2554 poffit

206 2555 320 2604 igitur
349 2555 440 2590 nlius
472 2567 619 2604 quoque
639 2566 783 2606 poetae,
812 2556 1122 2604 velut-Aeschyli,
1153 2557 1219 2592 effe
1242 2558 1511 2609 fragmentum;

267 2677 387 2724 Turpe
415 2697 469 2704 -
496 2678 619 2713 dicere.
685 2681 834 2714 Succur-
889 2679 951 2728 gio
981 2678 1022 2713 ad
1055 2679 1243 2714 Laertium
1285 2676 1308 2714 l.
1336 2691 1365 2713 e.
1403 2677 1512 2714 multi

211 2730 260 2764 rit
291 2732 434 2779 sponte,
479 2732 579 2780 quod
607 2745 690 2768 cum
713 2736 835 2769 Mena·
867 2729 1091 2769 admonent
1120 2735 1354 2783 interpretes,
1382 2736 1512 2771 verfio-
