1656 2990
11 827 13 833 ·
83 809 447 873 quantitatem,
494 807 567 854 ad
604 806 814 870 aliquid.

319 220 485 266 INST.
522 212 802 264 ORATOR.
835 216 957 264 LIB.
992 215 1090 273 111,
1127 217 1172 262 6.
1323 227 1417 272 515

82 344 144 396 in
178 342 345 407 facto‘ss
357 343 672 408 conjectura,
741 344 802 392 in
842 344 1063 392 nomine
1087 341 1294 414 finitio,
1361 345 1422 392 in

12 422 15 427 '
83 439 277 489 genere
308 422 560 487 qualitas,
599 422 658 469 in
686 421 890 469 actione
910 419 1000 484 jus
1018 421 1428 487 intelligeremur
1449 475 1460 486 ,

7 493 10 500 ’
81 501 196 554 Juri
237 498 524 561 subjecerat
569 498 977 567 translationem.
1091 501 1292 547 Verum
1331 499 1421 548 hic

82 575 279 642 legales
312 592 530 642 quoque
577 570 904 641 quaestiones
944 575 1048 625 alio
1084 575 1205 625 loco
1247 586 1427 625 tractat

83 663 148 702 ut
188 651 383 718 species
423 654 655 701 actionis.
770 654 1011 700 Fuerunt
1051 654 1148 718 qui
1191 651 1422 702 facerent
1434 663 1481 700 51

85 730 342 796 quinque,
382 728 737 794 conjecturam,
758 727 1066 799 finitionem,
1108 729 1426 794 qualitatem,

80 797 83 807 '
931 805 1252 857 Theodorus
1291 826 1426 873 quo-

10 901 19 921 2
83 900 218 950 que,
276 895 341 932 ut
375 883 517 941 dixi,
575 883 766 932 iisdem
801 883 1135 947 generalibus
1171 886 1428 950 capitibus

84 962 283 1020 utitur,
320 959 414 1010 An
432 957 548 1032 sit?
593 960 736 1033 Quid
750 955 867 1031 sit?
913 957 1205 1032 Qualefit?
1250 963 1427 1034 Quan-

83 1048 192 1086 tum
213 1034 327 1109 fit?
361 1038 461 1086 Ad
490 1036 699 1102 aliquid.
778 1039 894 1084 Hoc
922 1037 1177 1086 ultimum
1201 1040 1429 1088 maxime

82 1115 144 1163 in
182 1115 540 1179 comparativo
580 1130 772 1178 genere
805 1111 1002 1161 versari
1032 1125 1209 1179 putat:
1253 1134 1428 1183 quon-

82 1191 191 1239 iam
225 1191 418 1239 melius
451 1208 508 1238 ac
541 1194 718 1255 pejus,
766 1193 935 1250 majus
978 1201 1030 1239 et
1064 1193 1270 1251 minus,
1330 1192 1428 1241 nisi

15 1278 18 1279 ’
85 1267 191 1316 alio
233 1268 391 1316 relata
421 1283 535 1316 non
575 1266 965 1331 intelliguntur.
1078 1268 1180 1316 Sed
1214 1271 1273 1318 in
1308 1271 1424 1319 illas
1440 1275 1487 1311 52

85 1360 303 1411 quoque
319 1345 664 1402 translativa&
687 1353 748 1392 ut
768 1342 925 1410 supra
943 1342 1248 1411 significavi,
1270 1364 1430 1414 quae-

169 1530 211 1556 ue
224 1519 376 1570 species.
433 1521 528 1559 Jens.
549 1530 600 1560 at,
630 1532 700 1569 pro
720 1531 796 1568 quo
818 1531 858 1555 ut
876 1522 1009 1570 reponi
1028 1522 1134 1570 jubet
1153 1524 1306 1575 Regius.
1356 1526 1431 1562 Ne·

88 1587 162 1624 que
184 1587 261 1612 erat
278 1576 381 1624 quod
403 1578 509 1613 Gesn.
541 1591 583 1611 ac
610 1576 745 1611 faceret
775 1589 822 1611 ex
845 1577 910 1611 isto
930 1580 1168 1617 Jensonianae
1189 1593 1334 1620 errore,
1364 1582 1431 1628 qui

86 1642 234 1682 praeter
251 1634 380 1669 Locat.
410 1643 447 1668 et
474 1634 582 1668 Rufe.
611 1633 651 1667 in
682 1645 850 1668 mearum
873 1633 920 1668 est
941 1635 1055 1670 nulla.
1086 1636 1204 1672 Codd.
1227 1650 1354 1672 omnes
1380 1650 1431 1677 ut,

86 1689 190 1737 quod
222 1690 262 1724 in
282 1688 440 1728 Vallenfi
472 1689 603 1724 diserte
635 1699 765 1724 monet
791 1689 940 1726 Badius.
979 1693 1071 1728 item
1092 1693 1149 1727 ed.
1170 1695 1315 1731 Tarvis.
1356 1693 1431 1740 (cf.

86 1745 133 1780 ad
162 1746 194 1790 ᾖ.
217 1748 314 1793 47.)
538 1759 610 1780 non
630 1746 743 1782 intell.
803 1746 918 1782 Goth.
942 1763 1003 1783 nec
1022 1750 1135 1784 intell.
1168 1762 1253 1784 cum
1266 1751 1367 1788 Voff.
1393 1761 1429 1786 2.

88 1801 192 1850 quod
216 1811 323 1849 (recte
355 1801 481 1837 laudat
510 1803 616 1837 Gesn.
676 1803 752 1837 Nec
785 1811 822 1836 et
850 1816 921 1838 non
949 1804 990 1839 in
1011 1806 1104 1841 MSS
1135 1818 1212 1841 non
1239 1819 1323 1842 raro
1352 1819 1433 1855 per-

87 1867 297 1892 mutantur.
511 1856 722 1907 fignificavi
749 1878 805 1885 -—
831 1860 1000 1895 incidunt.
1059 1863 1131 1896 Pro
1161 1863 1287 1911 priore
1317 1864 1431 1899 Goth.

87 1923 127 1949 et
145 1914 246 1952 Voff.
269 1923 306 1948 2.
329 1910 478 1962 signavi
506 1925 591 1948 cum
611 1913 693 1948 edd.
716 1924 800 1949 ante
821 1917 1011 1950 Stoerium
1032 1918 1124 1952 meis
1147 1918 1342 1959 omnibus,
1371 1933 1435 1954 ex-

87 1970 205 2020 ceptis
233 1968 319 2006 solis
337 1968 424 2004 Ald.
456 1978 493 2003 et
519 1969 791 2006 Bafileenfibus.
848 1973 932 2008 Hoc
952 1986 1177 2025 magnopere
1204 1985 1331 2011 tuetur
1352 1977 1435 2012 Ges·

145 2113 202 2149 hio
220 2133 275 2142 -
295 2115 371 2152 alio
392 2117 483 2153 loc'o.
531 2117 620 2156 vid.
650 2120 735 2154 Par-

93 2169 170 2205 titt.
200 2171 323 2208 Oratt.
355 2185 386 2207 c.
417 2182 482 2217 31.
513 2184 550 2209 et
573 2181 625 2220 53
654 2175 733 2214 ubi,

33 2222 50 2266 „⁸
85 2225 172 2274 ,post
201 2227 454 2273 conjecturae,
487 2229 670 2266 finitionis
699 2241 736 2266 et

38 2278 59 2323 J
93 2279 282 2330 qualitatis
318 2284 430 2320 status
465 2286 507 2320 in
544 2287 734 2335 prioribus

32 2331 42 2340 Ἀ
94 2346 291 2379 tractatos,
341 2340 606 2389 disputatione,
646 2358 736 2393 quae

94 2393 256 2443 versetur
282 2397 319 2431 in
339 2396 480 2445 scripto
519 2398 618 2446 (hae
649 2401 735 2435 sunt

25 2440 48 2474 Ὗ
75 2447 229 2500 [legales
262 2453 537 2499 quaestiones),
565 2455 735 2506 expofita

29 2500 70 2557 ᾖ(
96 2517 198 2559 omne
218 2521 345 2543 munus
361 2509 519 2560 promiffi
546 2511 600 2546 sui
619 2511 738 2560 confe-

24 2560 38 2570 “
97 2569 192 2596 ctum
212 2561 301 2610 fore
326 2565 389 2600 ait.
447 2566 644 2603 Pessimum
675 2567 738 2603 ali-

97 2626 192 2663 quot
220 2618 303 2654 edd.
331 2630 375 2655 ut
401 2622 508 2657 Leid.
537 2625 668 2658 Burm-
702 2635 740 2659 et

97 2672 212 2721 Capp.
231 2674 371 2710 vitium
400 2678 448 2712 est
477 2679 739 2716 circumflexus

48 2739 54 2760 a
97 2725 138 2763 in
156 2729 222 2768 hic,
256 2734 355 2778 quafi
376 2735 419 2767 fit
442 2734 679 2772 adverbium.

151 2793 194 2819 ut
213 2785 305 2823 dixi.
336 2788 368 2833 §.
393 2789 459 2834 56.

846 2129 886 2154 uc
901 2117 1020 2168 supra
1039 2119 1251 2171 fignificavi
1272 2141 1328 2150 —
1351 2124 1435 2158 inci·

766 2176 892 2210 -ἅιιηῑ,
950 2176 1030 2211 vid.
1065 2178 1096 2221 ᾗ.
1132 2188 1196 2221 23.
1247 2179 1430 2214 Pluralem

791 2233 970 2270 incidunt,
1039 2240 1085 2267 ex
1144 2236 1435 2283 Capperonneril

792 2279 1131 2329 animadversione,
1170 2290 1277 2339 plane
1309 2293 1433 2327 censeo

791 2343 1014 2379 mutandum
1038 2346 1078 2380 in
1103 2346 1323 2398 singularem
1352 2351 1421 2384 inci

793 2400 867 2439 dic,
907 2413 1000 2447 quae
1031 2415 1104 2436 uon
1137 2402 1189 2438 ita
1218 2404 1433 2452 infrequens

792 2457 1018 2504 permutatio
1053 2459 1123 2502 (cf.
1151 2469 1230 2494 not.
1262 2461 1356 2497 Crit.
1389 2461 1434 2496 ad

796 2522 831 2556 3,
852 2518 890 2559 4,
916 2525 939 2561 9
954 2516 984 2557 ).
1043 2515 1220 2551 Refertur
1241 2517 1340 2552 enim
1362 2517 1434 2552 hoc

794 2569 986 2604 manifesto
1018 2571 1061 2605 ad
1085 2571 1203 2606 solum
1231 2573 1325 2608 istud
1354 2575 1436 2609 ulti-

796 2639 911 2664 mum,
970 2626 1084 2662 videl.
1121 2625 1165 2662 τδ
1206 2630 1256 2664 ad
1286 2631 1434 2680 aliquid,

795 2693 872 2715 non
910 2681 955 2715 ad
991 2682 1135 2730 reliqua
1171 2686 1303 2725 etiarn,
1343 2700 1434 2734 quae

794 2737 912 2772 modo
943 2740 1145 2780 recensuit,
1175 2742 1357 2792 generalia
1386 2757 1438 2777 ca-

795 2794 874 2842 pita
894 2794 1095 2831 Theodori.
1133 2797 1213 2834 vid.
1243 2809 1322 2834 not.
1345 2800 1436 2836 crit.

871 2852 902 2884 Κ
918 2849 941 2885 k
973 2861 995 2886 ει
