1656 2990
263 226 390 258 wa
689 209 1131 254 PRAEFATIO.

340 335 463 384 dere
504 342 725 381 conetur
759 332 815 378 in
864 333 1036 380 verbis
1082 323 1309 396 [ignatis.¹
1390 329 1579 389 Fabius

341 422 587 488 quidem,
626 421 789 468 mirus
820 419 986 468 lucidi
1008 419 1207 469 ordinis
1236 429 1286 468 et
1315 417 1580 483 expeditae

343 510 594 560 orationis
629 505 840 564 artifex,
893 509 1068 571 priora
1099 508 1187 553 illa
1221 523 1388 571 usque
1419 505 1481 553 ad
1511 508 1583 552 in-

343 598 531 664 telligit
561 596 713 658 ponit
750 607 778 649 5
796 631 808 650 ,
850 599 907 650 6,
948 611 979 652 9
996 612 1009 651 ;
1058 595 1238 642 multis
1266 611 1393 643 vero
1421 595 1582 641 inter-
1606 655 1611 659 ξ

341 687 485 747 iectis
517 685 655 738 aliis,
713 686 753 742 §.
787 681 1018 753 ejusdem
1051 682 1232 744 capitis
1265 696 1358 737 21,
1413 678 1583 744 poste-

343 774 484 821 riora
506 770 632 817 dicit
654 771 709 817 in
733 767 881 816 seusu
909 770 1138 832 integro,
1178 768 1272 815 ubi
1299 766 1584 831 praecedit:

345 857 570 918 „Nostra
604 859 785 922 opinio
825 855 1024 926 semper
1069 856 1195 903 llaec
1225 854 1375 912 fuit,“
1425 856 1495 902 ita
1523 864 1586 903 ut

347 947 484 995 salva
513 956 563 992 et
586 946 787 1009 elegans
818 942 876 990 fit
906 942 1159 991 structura
1180 945 1238 990 in
1266 941 1584 1007 imperfectis

347 1034 454 1083 istis
487 1034 821 1091 conjunctivi.
907 1032 1179 1080 Debebant
1203 1032 1365 1095 igitur
1392 1032 1586 1078 immu-

348 1133 454 1170 tare
479 1122 604 1169 haec
642 1122 947 1185 paululum,
991 1130 1051 1167 ut
1078 1120 1257 1175 latina,
1306 1120 1415 1166 imo
1452 1111 1584 1174 sana,

348 1218 644 1266 manerent3
700 1208 844 1271 quod
882 1207 1048 1255 facere
1087 1208 1354 1270 ceteroqui
1396 1206 1583 1270 religio

342 1301 408 1348 iis
438 1315 550 1346 non
578 1295 707 1352 fuit,
757 1284 1005 1359 quoniam
1041 1297 1245 1344 auditor
1272 1292 1585 1358 scripserunt

345 1386 512 1438 modo
531 1401 629 1449 pro
653 1400 731 1440 eo,
771 1383 916 1447 quod
941 1382 1010 1429 est
1031 1382 1168 1447 apud
1183 1383 1586 1449 Quintilianum,

338 1474 514 1539 judex.
604 1473 791 1527 Nune,
855 1471 983 1519 dum
1011 1469 1170 1534 preffe
1203 1469 1437 1533 sequitur
1466 1467 1587 1516 scri-

347 1573 557 1627 ptorem
587 1561 901 1623 epitomator
925 1560 1148 1615 Andres,
1186 1557 1434 1616 injuriam
1463 1554 1586 1603 fecit

348 1647 665 1697 disertiffimo
699 1647 920 1695 homini.
999 1647 1280 1695 Andretem
1311 1661 1439 1692 vero
1473 1641 1587 1690 fim-

340 1738 546 1802 pliciter
567 1734 794 1799 expressit
813 1733 1048 1791 Blassius,
1090 1733 1176 1781 etsi
1207 1734 1328 1780 alias
1352 1730 1588 1780 deserens

348 1823 593 1881 eundem,
633 1833 684 1871 et
710 1823 863 1887 plura
884 1824 1039 1871 etiam
1062 1820 1301 1871 resecans.

383 2002 460 2048 Ex
479 2000 598 2055 hoc,
637 2015 793 2063 quem
814 1999 910 2062 egi,
949 1996 1105 2045 censu
1129 1997 1424 2044 editionum
1446 2010 1582 2061 mea-

246 2092 394 2137 'rum
433 2096 665 2151 apparet,
721 2096 782 2134 ut
805 2085 979 2147 „bonas
1019 2086 1209 2132 multas
1245 2086 1353 2131 imo
1399 2083 1585 2146 capita-

269 2175 343 2224 les
379 2176 514 2223 mihi
545 2173 743 2239 praesto
774 2170 894 2229 effe,
965 2174 1038 2219 ita
1063 2189 1174 2219 non
1209 2171 1387 2234 paucis
1416 2170 1583 2231 iisque

270 2279 484 2327 magnae
525 2261 867 2317 auctoritatis,
914 2270 974 2307 ut
1002 2258 1384 2322 Stephanianis‚
1421 2256 1582 2303 Vido-

271 2351 402 2406 vaei‚
432 2347 716 2406 Vascosani,
743 2347 979 2395 Gallaudi
1004 2362 1087 2394 me
1109 2361 1294 2400 carere,
1324 2361 1457 2408 quae
1477 2343 1585 2391 foi·-

271 2434 388 2483 taffe
436 2435 719 2500 aliquando
761 2436 1102 2484 dominorum
1153 2428 1396 2480 facilitate
1449 2431 1583 2481 mihi

274 2525 577 2588 contingent
606 2524 839 2571 utendae.
918 2519 1295 2585 Ampliffimum
1325 2520 1583 2589 omnium,

272 2620 535 2676 quotquot
555 2609 715 2658 factae
736 2610 887 2668 sunt,·
910 2609 1203 2658 editionum
1222 2603 1453 2655 indicem
1471 2598 1581 2655 me·
