1656 2990
257 198 352 245 470
565 190 642 234 Μ,
672 191 801 235 FAB.
837 191 1245 251 QUINTILIANI

158 340 161 342 -
208 311 584 374 13p1·ovidentia
607 313 852 360 mundus?
900 314 1041 380 Quin
1063 315 1217 371 etiam
1233 315 1290 363 in
1313 315 1392 372 iis,
1428 330 1563 378 quae

263 386 327 432 ad
359 382 630 449 personam
655 386 980 444 referuntur,
1017 399 1211 437 utnon
1237 387 1307 436 est
1334 387 1449 438 fatis
1479 406 1565 454 ge-

262 462 491 513 neralem
522 459 744 508 tractaffe
779 462 1160 525 quaestionem,
1202 465 1272 511 ita
1303 465 1567 528 perveniri

264 535 326 582 ad
354 533 603 599 speciem,
649 535 744 584 nisi
777 538 866 584 illa
890 540 1036 603 prius
1069 536 1285 596 excuffa,
1320 555 1431 588 non
1450 548 1567 602 pot-

263 609 346 656 est.
434 612 573 657 Nam
602 612 871 674 quomodo
890 650 903 670 ,
949 613 1041 662 An
1053 611 1158 684 fibi
1187 630 1317 663 uxor
1344 605 1569 662 duceizda

248 681 349 754 sic,
396 684 701 734 deliberabit
740 689 895 745 Cato,
949 687 1045 735 nifi.
1077 688 1360 737 constiterit
1386 704 1569 738 uxores

263 755 365 831 effe
385 761 673 810 ducendas?
708 766 770 809 Et
792 763 1080 826 quomodo,
1119 764 1210 813 An
1225 765 1404 815 ducere
1418 765 1571 811 Mar-

264 838 389 882 ciam
424 833 603 883 debeat
635 849 936 900 quaeretur,
1011 837 1106 886 nisi
1137 840 1318 887 Catoni
1345 838 1571 887 ducenda

210 926 399 967 14ux0r
418 908 529 978 est?
586 914 717 959 Sunt
743 923 914 961 tamen
942 912 1174 978 inscripti
1199 915 1414 964 nomine
1440 916 1571 961 Her·
1623 931 1627 936 ’

261 1001 501 1048 magorae
531 987 682 1043 libri,
728 990 822 1051 qui
855 987 1163 1037 confirment
1188 990 1333 1037 illam
1363 989 1570 1052 opinio-

260 1076 406 1116 nem,
476 1059 578 1108 five
606 1060 762 1116 falsus
804 1063 874 1111 est
909 1065 1115 1121 titulus,
1189 1063 1291 1111 five
1320 1065 1450 1112 alius
1483 1063 1570 1110 hic

262 1137 601 1199 Hermagoras
640 1136 755 1186 fuit.
865 1141 1003 1187 Nam
1043 1139 1272 1199 ejusdem
1306 1137 1401 1186 effe
1439 1155 1571 1202 quo-

260 1210 423 1269 modo
464 1209 697 1274 poffunt,
757 1215 849 1278 qui
887 1213 1077 1262 dehac
1118 1225 1221 1261 arte
1261 1213 1569 1261 mirabiliter

260 1286 426 1332 multa
463 1286 776 1350 composuit,
835 1306 978 1346 cum,
1038 1287 1164 1335 ficut
1202 1305 1264 1335 ex
1303 1289 1570 1337 Ciceronis

262 1376 473 1424 quoque
495 1361 755 1410 rhetorico
777 1364 947 1427 primo
973 1362 1302 1411 manifestum
1329 1361 1425 1419 est,
1463 1379 1570 1409 ma-

262 1436 443 1482 teriam
472 1436 752 1485 rhetorices
789 1439 845 1485 in
882 1435 1043 1508 theses
1084 1449 1149 1484 et⁸
1172 1434 1351 1508 causas
1382 1435 1570 1485 divise-

262 1510 366 1556 rit?
415 1510 561 1573 quod
592 1512 927 1575 reprehendit
956 1514 1164 1561 Cicero:
1209 1530 1264 1559 ac
1297 1510 1460 1560 thesin
1489 1513 1570 1559 ni-

261 1583 340 1631 hil
372 1584 435 1631 ad
471 1595 727 1634 oratorem
759 1589 1017 1651 pertinere
1046 1587 1338 1643 contendit,
1374 1598 1571 1636 totum-

264 1675 366 1722 que
404 1660 506 1708 hoc
556 1677 718 1724 genus
770 1662 1082 1726 quaestionis
1130 1663 1193 1709 ad
1230 1661 1571 1726 philosophos

207 1747 252 1782 ι5
265 1732 431 1782 refert.
522 1735 622 1783 Sed
656 1753 740 1784 me
769 1738 1011 1785 liberavit
1047 1735 1398 1802 respondendi
1427 1753 1572 1785 vere-

343 1906 524 1942 quaeretur
545 1915 597 1922 —
618 1894 680 1944 est·
738 1897 858 1932 Guelf.
891 1908 1089 1947 quereretur
1109 1917 1162 1924 —
1182 1897 1264 1948 effet
1277 1922 1287 1938 ,
1324 1897 1420 1934 solus
1433 1923 1443 1938 ,
1471 1898 1573 1946 quod

260 1950 374 1984 sciam.
434 1950 541 1989 Male,
570 1953 631 1984 etfi
651 1963 732 1985 cum
759 1951 879 1999 aliqua
900 1953 1032 1987 erroris
1050 1953 1253 1987 constantia.

339 2005 520 2040 rhetorico.
585 2006 707 2040 Guelf.
745 2008 912 2043 rhetorice
950 2020 1031 2041 cum
1062 2008 1194 2046 Goth.,
1234 2020 1342 2054 quem
1371 2006 1458 2043 falso
1492 2019 1572 2042 nar-

258 2069 315 2093 rat
341 2061 444 2094 Gesn.
478 2060 560 2094 dare
590 2061 798 2101 rhetoricae,
829 2065 889 2096 etsl
910 2062 980 2096 hoc
997 2062 1123 2098 voluit
1143 2062 1334 2102 librarius,
1356 2064 1387 2098 fi
1409 2062 1570 2098 consulto

259 2115 412 2161 scripfit3
440 2114 541 2149 male.
759 2116 1002 2164 respondendi.
1048 2117 1168 2152 Guelf.
1198 2118 1470 2166 reprehendendi
1487 2130 1571 2152 cum

260 2170 371 2204 Goth.
403 2169 614 2216 aliquotque
641 2181 823 2218 praeterea
858 2172 971 2207 codd.
1003 2182 1038 2206 et
1067 2172 1145 2206 edd.
1180 2173 1256 2220 post
1283 2173 1458 2211 Badium,
1505 2172 1571 2219 qui

258 2225 399 2272 primus
432 2225 548 2263 dedit,
607 2226 801 2266 onmibus;
861 2227 1019 2274 exceptis
1048 2227 1198 2262 secunda
1219 2227 1352 2262 Aldina
1383 2227 1502 2263 Colin-
1536 2237 1577 2262 et

314 2354 410 2388 illam
439 2368 497 2400 op.
556 2357 633 2401 Qua
659 2354 702 2390 ab
731 2357 886 2391 oratoris
939 2356 1021 2391 buli
1044 2357 1228 2395 fomento,
1275 2357 1448 2404 quoniam
1472 2356 1571 2393 Cice-

261 2420 368 2456 opere
399 2410 630 2460 segregantur
658 2410 885 2459 quafst'iones.
941 2424 1068 2445 ronem
1106 2413 1311 2461 impugnat.
1384 2413 1479 2447 Nam
1520 2425 1570 2446 re·

261 2464 306 2497 cf.
326 2473 360 2502 2,
384 2474 446 2502 21,
468 2475 531 2498 22.
936 2465 1114 2514 spondere
1140 2466 1200 2500 est'
1216 2467 1428 2516 refragantis
1457 2475 1500 2501 ut
1532 2475 1568 2505 2,

285 2540 297 2548 x
317 2517 384 2552 Cic.
410 2539 462 2546 -
482 2522 606 2566 primo.
632 2520 675 2554 de
696 2523 775 2556 Inv.
795 2534 826 2560 1,
849 2520 885 2555 6.
947 2529 1082 2564 15,25.
1097 2520 1161 2563 56.
1183 2521 1356 2567 „utrique
1367 2519 1569 2569 responsum

261 2572 304 2606 cf.
327 2583 362 2606 et
382 2575 489 2609 nostr.
513 2585 547 2612 2,
570 2585 632 2613 21,
657 2585 721 2610 21.
942 2575 1025 2614 „est-
1056 2585 1092 2618 5,
1118 2585 1152 2618 7,
1178 2582 1230 2621 24
1258 2575 1461 2624 responderi
1479 2575 1569 2611 locis

315 2627 548 2675 respondendi
581 2643 689 2664 ver-ec.
746 2628 889 2666 Molliit
945 2631 1264 2669 „comm11x1ibus.“
1321 2638 1358 2678 4,
1387 2638 1425 2677 4.
1459 2643 1492 2664 ι.
1533 2635 1570 2672 5,

260 2694 336 2716 rem
359 2685 515 2731 asperam
545 2684 759 2738 honestioris
787 2697 892 2720 voca·
951 2695 1010 2730 15,
1044 2685 1108 2732 46.
1140 2693 1204 2733 49.
1237 2694 1300 2729 50.
1333 2696 1368 2734 93
1391 2695 1427 2729 2,
1447 2693 1511 2734 93.
1537 2694 1572 2717 et
