1656 2990
233 200 327 244 600

174 330 222 367 61
236 321 610 372 tumultuosius
666 334 820 390 atque
877 326 1162 376 turbidine„

540 202 612 247 Μ.
642 204 774 248 FAB.
811 205 1219 263 QUINTILLANI
1257 211 1266 215 ·

1246 316 1538 376 Vei-horum

235 408 408 445 autem
457 398 837 462 :magnificentia
878 419 989 451 non
1032 401 1258 452 validius
1304 401 1376 450 est
1417 399 1538 450 affe-

220 471 419 533 ctanda
452 471 698 524 suasorias
735 476 1162 535 declamantibus3
1212 475 1300 524 sed
1336 478 1538 525 comin-

236 548 310 610 git
348 549 520 611 magis.

606 551 746 598 Nam
786 563 838 600 et
883 551 1128 616 personae
1174 551 1283 600 fere
1325 567 1538 616 magnae

234 621 550 685 fingentibus
585 626 808 688 placent,
858 644 1066 696 regum,
1100 630 1412 691 principum,
1446 643 1540 689 po-

231 697 357 760 puli,
381 694 612 768 senatus,
651 712 700 748 et
725 719 803 751 res
826 704 1112 767 amplioreS.
1154 705 1223 750 ita
1245 701 1542 758 cumverba

235 772 390 820 rebus
429 784 696 838 aptentur,
742 777 854 842 ipso
895 780 1137 826 materiae
1175 779 1350 826 nitore
1386 777 1542 824 clare-

176 845 396 895 62scunt.
440 873 443 875 *
473 850 586 896 Alia
607 853 744 900 veris
770 852 993 902 consiliis
1023 854 1153 902 ratio
1185 852 1268 900 est.
1314 852 1542 915 ideoque

236 922 623 986 Theophrastus
678 945 835 990 quarn
893 931 1114 977 maxime
1164 938 1428 976 remotum
1482 926 1544 974 ab

238 999 384 1045 omni
417 996 736 1049 ‘dilectatione
766 1006 823 1051 in
857 1005 1196 1052 deliberativo
1231 1019 1416 1068 genere
1449 1019 1547 1049 vo-

188 1097 190 1099 ·
237 1072 340 1123 luit
372 1071 467 1121 effe
502 1073 820 1127 sermonem:
870 1079 1073 1128 secutus
1102 1080 1158 1127 in
1194 1079 1295 1127 hoc
1325 1077 1547 1126 auctori-

239 1157 395 1195 tatem
426 1155 768 1215 praeceptoris
802 1153 904 1212 sui;
958 1171 1258 1219 quanquam
1288 1150 1548 1201 dissentire

179 1226 228 1270 63
241 1222 302 1269 ab
335 1239 398 1271 eo
431 1241 542 1273 non
562 1227 744 1276 timide
771 1227 912 1278 solet.

988 1232 1230 1293 Namque
1251 1227 1548 1277 Aristoteles

320 1396 559 1444 affectatione.
617 1400 738 1436 Guelf.
773 1413 807 1437 et
835 1404 959 1438 Turic-
983 1405 1170 1451 affectione
1198 1415 1280 1437 cum
1303 1399 1399 1436 Alm.
1424 1402 1548 1435 Ioann-

239 1448 334 1488 Vall.
363 1451 456 1496 (ref.
478 1454 624 1497 Badio)
661 1457 758 1492 Voss.
785 1469 804 1491 2
836 1462 908 1502 (an
934 1457 983 1492 1?
1020 1459 1193 1504 quoniam
1217 1455 1329 1492 Goth.
1361 1455 1468 1490 habet
1497 1467 1552 1490 re-

242 1509 409 1552 ceptam)
443 1516 478 1550 3·
508 1518 542 1542 et
563 1509 642 1544 edd·
666 1512 759 1548 Jens.
775 1514 884 1547 Tarv.
907 1514 1009 1547 Rufe.
1030 1516 1116 1557 (rec.
1134 1508 1159 1544 1ἐι
1176 1513 1265 1546 Ι..οο.
1295 1511 1340 1545 cs.
1358 1510 1404 1544 ad
1423 1510 1454 1554 §.
1480 1512 1550 1557 39)

242 1560 329 1595 Bad.
351 1573 405 1608 pr.
427 1561 509 1597 Ald.
533 1574 606 1598 utr.
647 1566 815 1603 Vindices
838 1578 996 1615 receptae
1014 1567 1190 1602 videntur
1219 1565 1325 1602 Bodl.
1355 1564 1431 1602 Bal.
1460 1567 1550 1615 Arg.

245 1615 358 1650 Goth.
417 1618 547 1652 Veram
573 1629 691 1654 autern
719 1622 786 1656 effe
814 1623 908 1669 ipse,
945 1623 1010 1668 qui
1033 1623 1181 1656 alteram
1203 1620 1382 1669 explicare
1400 1619 1551 1658 laborat,

245 1661 350 1706 Gesn.
371 1671 516 1707 fatetur.

773 1679 807 1711 in
829 1678 892 1712 hoc
912 1681 1076 1712 auctorit.
1133 1676 1253 1712 Guelf.
1274 1678 1296 1710 ι’.
1316 1676 1348 1710 h.
1368 1689 1494 1722 genere
1515 1688 1550 1710 α.

241 1724 352 1765 solus,
380 1737 574 1775 repetente,
603 1730 642 1764 ni
662 1730 687 1765 s.
699 1755 710 1769 ,
734 1729 884 1767 librario
904 1732 1004 1780 quod
1023 1732 1134 1767 modo
1153 1731 1393 1780 praecess’erat.

247 1888 355 1924 quam
375 1879 414 1913 in
438 1880 519 1915 suas.
536 1879 735 1930 subsidere)
765 1892 812 1922 et,
847 1884 872 1917 fi

247 1934 392 1979 quando
414 1935 475 1970 vel
496 1937 534 1970 in
561 1936 649 1971 locis
671 1938 873 1972 communi·

246 1987 316 2023 bus
357 1989 419 2024 vel
456 1991 495 2025 in
531 1992 678 2042 epilogo
717 1994 872 2042 assurgat

248 2045 385 2084 oratio,
425 2047 506 2096 cogi
526 2057 643 2081 tamen
665 2048 705 2081 in
726 2048 769 2082 iis
790 2049 872 2095 ipfls

250 2111 345 2138 eum,
374 2102 439 2147 qui
461 2102 565 2140 dicat,
595 2102 803 2137 descendere
825 2104 878 2137 in.

251 2155 396 2189 temdum
422 2155 466 2190 ad
496 2169 620 2191 rerum
649 2159 875 2197 tenuitatem,

250 2219 292 2243 ut
314 2209 464 2245 brevior
494 2213 562 2246 effe
592 2211 718 2247 debeat
747 2213 808 2247 illa
838 2213 878 2248 in

254 2267 507 2301 controversiis
546 2267 879 2317 magniloquentia;

253 2321 392 2365 quaein
406 2322 568 2356 suasoriis
589 2322 742 2357 viciffim
757 2336 881 2369 aequa-

253 2373 339 2408 liter
356 2388 420 2422 per
441 2388 588 2411 omnem
609 2378 790 2427 pertingat
805 2390 882 2412 ora·

255 2430 415 2464 tionem:
455 2432 512 2466 sed
540 2444 615 2466 non
646 2432 800 2479 proinde
826 2442 882 2467 tu·

254 2485 470 2520 multuofius
490 2499 636 2533 quoque
650 2497 684 2521 et
696 2487 879 2522 turbidius

254 2539 437 2575 dicturum
459 2543 644 2576 suasorem.
701 2543 878 2577 Sicmodo

253 2594 300 2628 est
332 2598 558 2644 „aequaliter
590 2597 766 2632 concitata
803 2610 881 2631 ora·

251 2649 364 2687 .,tio,“
388 2651 482 2685 uude
506 2652 613 2686 discas
634 2651 878 2699 ‚.aequaliter“

252 2703 352 2744 fieri,
382 2706 482 2752 quod
510 2706 573 2741 fiat
601 2707 774 2742 constanti
793 2719 880 2754 quo·

928 1882 1010 1917 dam
1032 1891 1066 1917 et
1085 1881 1193 1917 fimili
1223 1891 1369 1919 tenore,
1397 1891 1474 1915 non
1494 1892 1555 1915 au·

928 1947 1001 1972 tem
1034 1938 1073 1971 in
1101 1950 1176 1985 quo
1204 1936 1328 1971 nullus
1362 1937 1404 1970 fit
1441 1933 1556 1984 im12e-

930 2002 1000 2027 tus.
1162 2025 1169 2029 ,
1390 1995 1397 2004 ’

988 2045 1262 2095 Theophrastus.
1303 2047 1349 2082 cf.
1374 2056 1410 2091 3,
1437 2059 1470 2086 1,
1493 2053 1554 2089 ¹5·

987 2101 1202 2151 Aristoteles.
1249 2102 1355 2137 Rhet.
1378 2112 1414 2146 3,
1438 2111 1498 2140 12,
1517 2109 1554 2144 5.

931 2153 952 2198 ἧ
969 2159 1031 2200 μὲν
1051 2150 1104 2191 οἶν
1128 2152 1334 2197 ἒπιδεικτικῆ
1363 2156 1458 2201 λέξις
1476 2170 1559 2206 γρα-

933 2209 1118 2259 φικωτοῖτη
1142 2232 1191 2238 -
1218 2205 1358 2262 δευτέρα
1374 2207 1412 2246 δέ
1427 2206 1450 2252 ἧ
1466 2206 1560 2246 &nota

934 2264 1019 2308 νικιὶ.
1072 2267 1243 2302 Rationes
1281 2277 1423 2307 autem-⁸
1470 2250 1559 2313 quiae

935 2323 1122 2372 subjungit
1160 2323 1249 2368 Qu„
1297 2321 1340 2357 ab
1370 2320 1559 2357 Aristotele

935 2390 1010 2412 non
1051 2377 1272 2417 afferuntur;
1322 2376 1561 2424 quamobrem

935 2433 1144 2480 scriptorem
1183 2431 1344 2467 nostrum
1372 2430 1566 2479 reprehen-

935 2488 990 2521 dit
1011 2486 1198 2524 Victorius
1226 2486 1270 2520 ad
1298 2485 1367 2520 loe.
1388 2485 1494 2520 Arist.
1524 2497 1562 2532 p.

937 2542 1028 2587 685.
1078 2541 1177 2588 quod
1217 2540 1310 2575 male
1343 2537 1562 2576 Aristotelici

933 2597 1115 2645 praecepti
1140 2595 1319 2630 rationem
1348 2595 1560 2630 reddiderit.

934 2655 1109 2691 ‚,Sermo“
1137 2651 1187 2684 ait
1216 2651 1396 2689 „auctoris
1426 2649 1488 2683 hic
1515 2649 1562 2683 est

932 2707 1001 2746 „de
1019 2706 1194 2753 exquisita
1216 2705 1332 2755 magis
1356 2713 1419 2740 aut
1438 2704 1561 2739 minus
