1656 2990
252 176 349 225 410
489 219 492 222 ,
564 171 636 216 M.
670 172 802 216 ΕΑΒ.
837 170 1244 232 QUINTILIANI

249 293 530 357 litigatore,
565 294 754 341 melius
787 304 983 352 orator,
1021 311 1178 358 quam
1202 292 1309 360 ipse
1333 292 1426 361 qui
1458 294 1553 347 do-

191 388 238 423 17
251 371 426 416 cuerit.
504 372 699 416 Verum
723 378 773 416 et
785 366 976 438 faber,
1013 387 1133 421 cum
1155 371 1217 417 de
1225 367 1462 438 fabrica,
1501 382 1552 420 et

248 440 482 512 musteus,
524 459 642 491 cum
667 444 729 489 de
747 442 955 515 mustea,
991 444 1028 492 si
1050 444 1180 509 quid
1209 444 1551 495 confirmatio·-

247 533 370 564 nem
407 517 791 575 desideraverit,
842 520 1006 577 dicet;
1061 537 1172 568 non
1206 521 1303 567 erit
1337 520 1551 584 quidem

248 602 435 649 orator,
455 592 543 640 sed
559 592 711 642 faciet
731 595 868 642 illud
891 594 1029 658 quasi
1050 605 1244 644 orator:
1284 593 1408 644 ficut
1431 612 1552 644 cum
1620 592 1626 611 ²

246 668 441 716 vulnus
463 669 735 732 imperitus
755 669 1020 734 deligabit,
1058 687 1168 718 non
1188 671 1286 717 erit
1304 669 1552 727 medicus,

191 740 336 789 ‘Ssed
358 741 510 790 faciet
527 754 588 791 ut
604 743 850 793 medicus.
928 747 1009 792 An
1027 745 1330 805 hujusmodi
1353 762 1432 794 res
1455 745 1557 794 nec
1608 779 1610 782 -

244 818 303 864 in
342 818 573 875 laudem,
622 835 717 866 nec
753 822 809 870 in,
858 819 1305 878 deliberationem,
1353 836 1448 868 nec
1487 821 1649 888 inno&

243 890 502 952 judicium
535 895 795 942 veniunt?
869 898 1004 959 Ergo
1045 912 1165 943 cum
1203 895 1267 943 de
1309 894 1550 944 faciendo

242 977 401 1030 portu
439 967 652 1016 Ostiensi
694 969 1032 1018 deliberatum
1078 970 1171 1028 est,
1221 987 1331 1019 non
1367 969 1551 1019 debuit

242 1041 412 1090 dicere
439 1042 741 1091 sententiam
770 1055 940 1094 orator
956 1047 978 1092 2
1021 1047 1165 1109 atqui
1185 1061 1316 1110 opus
1342 1055 1448 1093 erat
1470 1062 1551 1093 ra-

183 1118 386 1165 ¹9tione
418 1119 828 1167 architectorum.
902 1122 1118 1168 Livores
1148 1131 1198 1168 et
1227 1130 1456 1169 tumores
1489 1121 1550 1168 in

242 1209 484 1257 corpore,
521 1194 784 1244 cruditatis
807 1212 871 1242 an
889 1197 1084 1243 ‘veneni
1105 1194 1242 1260 signa
1270 1194 1393 1253 sint,
1434 1210 1546 1244 non

324 1345 384 1391 qui
400 1343 476 1379 doc.
516 1344 636 1380 Guelf.
651 1345 791 1380 omittit
801 1347 871 1393 qui,
891 1345 998 1384 unde,
1021 1345 1243 1391 conjunctim
1255 1358 1340 1383 eum
1349 1343 1412 1380 illa
1420 1345 1545 1393 priore

239 1396 302 1432 τοῦ
325 1399 415 1432 dicet
438 1399 645 1439 omissione,
682 1400 750 1435 alia
783 1401 902 1435 existit
933 1402 1126 1438 structura,
1171 1400 1294 1435 minus
1332 1399 1544 1448 probabilis.

238 1451 490 1500 Astipulantur
511 1465 547 1488 et
575 1455 649 1489 alii.
866 1456 1046 1502 ‹leligabit.
1089 1453 1209 1490 Guelf.
1231 1456 1354 1490 Turio.
1376 1465 1412 1490 et
1432 1455 1546 1490 Goth.

237 1509 330 1544 Jens.
360 1511 455 1553 (tac.
477 1510 602 1556 Gesn.)
632 1510 802 1556 deligavit
819 1521 902 1543 eum
923 1510 1021 1546 Voss.
1049 1522 1081 1543 ι.
1107 1519 1142 1552 5.
1163 1512 1270 1544 Bern.
1291 1510 1386 1545 Alm.
1408 1520 1446 1545 et
1465 1509 1546 1545 edd.

238 1562 365 1596 multis
396 1573 487 1597 vett.
543 1564 677 1598 Badius
709 1577 792 1598 cum
830 1565 1053 1599 Cervicorno
1092 1565 1261 1599 futurum
1298 1564 1426 1604 habet,
1463 1577 1548 1600 cum

239 1618 377 1655 Locat„
407 1631 516 1664 quem
534 1619 609 1653 fere
626 1619 810 1665 exprimit,
838 1620 1093 1666 p1·aeteritum;
1115 1631 1231 1665 neque
1242 1619 1386 1654 monito
1402 1618 1547 1658 lectore,

241 1685 323 1706 cum
348 1673 456 1707 etiam
477 1673 581 1712 Ald.,
611 1675 712 1720 cujus
739 1686 868 1723 magna
895 1674 982 1708 solet
1010 1673 1104 1721 apud
1133 1674 1286 1709 Badium
1307 1675 1374 1708 effe
1394 1675 1549 1709 auctori-

240 1736 290 1760 tas
306 1751 315 1765 ,
334 1728 520 1774 ,praeferat
542 1730 725 1775 deligavit.
782 1729 887 1762 Unde
916 1738 970 1763 tot
997 1730 1154 1763 fautores
1180 1739 1281 1763 nacta
1310 1730 1422 1763 fuerit
1448 1741 1548 1777 prae-

238 1781 384 1830 postera»
413 1783 499 1816 haec
535 1783 728 1830 scriptura.
774 1784 839 1830 qui
875 1784 1081 1831 praesertim
1117 1783 1323 1818 revocarint
1359 1797 1457 1823 eam,
1503 1793 1547 1818 ut

240 1837 404 1884 Gryph,
444 1837 487 1872 ab
519 1837 597 1872 aliis
627 1840 699 1883 jam
730 1848 945 1877 correctam,
982 1851 1056 1872 non
1085 1837 1251 1885 equidem
1283 1838 1546 1874 comminiscor.

238 1893 297 1926 An
326 1891 428 1926 locus
457 1891 732 1940 obversabatur,
761 1906 869 1939 quem
899 1893 975 1928 vid.
1004 1894 1041 1927 in
1059 1903 1135 1927 not.
1159 1892 1291 1943 exeg.?
1344 1893 1547 1928 Britannici

237 1956 360 1980 tamen
387 1947 503 1982 Codd.
534 1960 693 1994 quorum
721 1948 822 1982 nulla
848 1949 988 1982 mentio
1015 1948 1109 1995 apud
1139 1947 1234 1983 Gibs.
1256 1947 1429 1983 videntur
1450 1948 1547 1984 tueri

235 2012 438 2051 receptam,
476 2003 580 2037 unice
606 2015 741 2037 veram.
808 2003 876 2037 Sed
905 2003 1037 2052 exigua
1059 2003 1112 2036 est
1143 2002 1257 2038 Codd.
1289 2002 1478 2038 auctoritas
1502 2003 1544 2038 iu

236 2066 308 2090 tam
329 2057 432 2092 solita
455 2057 660 2091 confusione
680 2055 746 2092 τῶν
766 2059 787 2093 b
809 2068 844 2093 et
867 2073 912 2097 v,
938 2058 982 2092 de
1002 2070 1072 2105 qua
1091 2057 1176 2092 vide
1194 2057 1376 2093 Drakenb.
1394 2058 1439 2092 nd
1454 2057 1543 2094 Liv.

235 2119 282 2155 5,
315 2119 387 2158 24,
411 2121 447 2155 5.
485 2113 527 2146 it.
553 2122 596 2151 2,
618 2111 692 2158 46,
716 2122 753 2147 2.

234 2233 426 2267 conciliare
461 2234 578 2281 poffit.
633 2234 702 2270 Sed
729 2235 860 2285 dignus
916 2248 1026 2282 quare
1047 2234 1285 2270 deliberatum
1317 2233 1430 2268 fuerit
1457 2245 1541 2282 ope-

235 2288 302 2326 est,
333 2298 375 2323 ut
395 2289 494 2328 dixi,
523 2292 663 2340 integer
682 2290 859 2340 dialogus,
915 2293 1012 2330 rose,
1050 2291 1222 2337 qnoniam
1262 2301 1351 2337 opus
1389 2289 1432 2323 ab
1463 2289 1540 2336 ipso

234 2343 302 2390 qui
318 2342 362 2378 ab
381 2343 661 2390 adolescentibus
675 2345 859 2380 ediscatur.
914 2347 936 2382 J
941 2346 1016 2380 ulio
1041 2346 1183 2381 Caesare
1205 2353 1279 2378 erat
1300 2343 1460 2391 „saepius
1484 2344 1543 2377 de-

234 2399 332 2434 Loca
351 2398 588 2434 demonstrata
617 2400 699 2434 sunt
719 2400 800 2448 Rip.
822 2406 860 2446 4,
915 2401 1127 2438 „stinatum,
1156 2412 1194 2433 ac
1217 2409 1367 2446 propter
1390 2397 1541 2433 difficul-

237 2461 300 2496 23.
327 2459 390 2499 24.
416 2463 479 2502 29.
917 2465 1050 2493 „tatem
1071 2454 1276 2489 omissnm.“

970 2510 1064 2544 crud.
1086 2523 1132 2543 an
1150 2521 1226 2543 ven.
1273 2507 1408 2558 Tangit
1428 2507 1541 2542 medi-

914 2577 993 2599 cam
1039 2564 1136 2597 ist-im
1182 2564 1277 2609 qnasi
1315 2562 1538 2609 eloquentiae

285 2629 392 2664 portu
418 2618 578 2669 Ostiensi.
608 2614 684 2654 vid.
708 2622 856 2654 Sueton.
914 2630 1065 2666 partem,
1095 2618 1150 2652 sed
1173 2619 1211 2651 in
1233 2619 1440 2656 transcursu,
1462 2617 1537 2653 Cic·

232 2671 358 2709 Claud.
402 2685 432 2708 c.
471 2685 521 2721 zo
562 2675 626 2710 ubi
662 2674 858 2723 apparebit,
914 2687 981 2722 pro
1005 2673 1147 2709 Cluent.
1181 2685 1210 2707 c.
1238 2685 1284 2707 10
1307 2682 1399 2707 extr.

287 2537 471 2585 deligabit.
502 2539 546 2573 ef.
571 2550 605 2579 2,
632 2549 690 2582 17,
713 2552 750 2587 9.
