1656 2990
291 231 386 278 622

613 233 686 277 M.
721 235 852 279 FAB.
889 236 1296 296 QUINTILIANI

286 356 434 422 picis,
475 372 538 403 ex
552 354 684 404 statu
705 353 934 406 effectam
954 361 1342 412 contentionem
1364 365 1596 433 ,κρινόμενον

287 430 563 480 existimat:
604 432 766 496 idque
787 435 1046 492 Trebatio,
1086 437 1180 500 qui
1203 439 1330 498 juris
1349 449 1454 487 erat
1473 457 1598 491 con·-
1623 453 1627 455 ’

285 505 478 563 fultus,
512 508 776 566 alludens,
818 528 921 573 qua
956 511 1018 557 de
1052 527 1107 558 re
1139 516 1328 580 agitur⁴
1347 517 1596 580 appellat:

287 583 480 647 quibus
506 583 563 630 id
588 586 929 642 contineatur,
968 589 1288 645 continencia,
1328 587 1474 661 quasi
1491 589 1598 660 fir·-

285 669 538 706 rnamenta
571 657 899 730 defensionis,
939 660 1345 733 quibusfitblatis
1366 663 1596 736 defensio

228 731 530 804 19nullafit.
603 738 669 783 At
690 737 747 783 in
765 738 1134 786 Partitionibus
1164 741 1400 789 oratoriis
1406 741 1598 811 firma·
1643 766 1646 773 ·

284 821 528 867 mentum,
585 810 732 876 quod
769 813 1059 877 opponitur
1093 812 1404 865 defensioni:

1473 817 1596 882 quia

367 981 437 1017 qua
458 967 501 1002 de
521 981 558 1003 ro
580 981 641 1015 ag.
700 966 812 1003 Goth.
830 967 924 1004 Jens.
953 971 1038 1014 (tac.
1059 969 1184 1018 Gesn.)
1212 970 1256 1004 de
1274 984 1343 1018 qua
1363 984 1400 1005 re
1418 984 1478 1018 ag.
1510 982 1597 1006 cum

281 1021 363 1058 edd.
388 1033 470 1058 ante
488 1022 572 1058 Ald.
604 1024 668 1058 [ec.
696 1023 787 1057 meis
807 1022 996 1062 omnibus,
1027 1036 1103 1059 exc.
1128 1024 1212 1060 Ald.
1233 1038 1312 1073 piu,
1339 1025 1443 1060 male.

283 1079 392 1113 etiam
413 1090 482 1127 pro
501 1077 576 1126 def.
597 1079 699 1115 nulla
710 1077 764 1128 fit
778 1077 889 1114 Goth.
911 1079 1131 1124 (tac-Gesn.)
1150 1080 1232 1116 dm.
1243 1082 1309 1128 fit,
1337 1093 1422 1116 cum
1432 1081 1529 1120 Voss'.
1544 1090 1595 1120 2.,

279 1134 411 1169 itidem
428 1133 534 1169 male.

282 1278 387 1311 „va
407 1277 463 1300 ,οε
489 1279 537 1300 ns
561 1278 711 1300 aozrvn
731 1274 851 1301 autem
871 1265 914 1300 il-

282 1320 394 1361 ,‚lud,
446 1320 544 1367 quod
582 1320 711 1354 multis
748 1319 837 1355 locis
874 1322 912 1354 in

281 1377 473 1415 „ICtorum
513 1376 703 1410 includitur
737 1374 912 1421 formulis,

282 1439 366 1470 ‚‚et“
388 1434 471 1478 (pro
494 1430 567 1464 hoc
585 1431 622 1464 id
645 1430 706 1463 dat
723 1432 810 1464 Ern.
833 1430 911 1465 vid.

283 1486 441 1521 VVetzel.
462 1486 505 1519 ad
525 1485 562 1519 h.
583 1484 626 1528 l.)
648 1485 732 1522 „ubi
751 1484 846 1534 offet,
864 1487 914 1519 vi-

281 1541 449 1581 „debat,“
497 1541 686 1575 Gesnerus.
737 1541 796 1579 Ne
818 1540 913 1574 forte

281 1598 526 1631 recentiorum
551 1596 795 1633 locutionem,
825 1596 915 1629 allu-

282 1651 365 1687 dere
385 1652 431 1686 ud
453 1652 598 1699 aliquid,
628 1663 673 1684 cx
694 1650 813 1684 nolito
831 1649 913 1684 loco

281 1706 462 1745 defendas,
492 1706 578 1740 vide
601 1705 703 1740 Thes.
728 1706 831 1740 Gesn-

337 1765 372 1797 in
384 1765 524 1797 Partitt.
552 1774 581 1795 c.
606 1771 655 1808 29
676 1771 766 1795 extr.
790 1762 912 1808 inquo

281 1816 364 1853 loco
395 1817 507 1852 verba
534 1816 764 1863 „depellendi
792 1817 910 1850 crimi-

282 1874 364 1912 ,‚nis
395 1874 516 1906 causa“
545 1873 621 1918 post
653 1871 719 1910 „ad
753 1873 912 1906 recusan-

281 1928 423 1968 ‚,dum“
473 1927 790 1974 Cnpperonnerius
835 1939 911 1960 non

281 1983 376 2018 male
399 1982 618 2033 glolsematis
639 1982 773 2032 arguit.
831 1982 912 2017 Dis-

282 2040 388 2075 sentit
418 2040 534 2074 secum
564 2038 692 2073 Cicero
725 2037 765 2071 in
785 2038 913 2083 firma-

281 2098 388 2130 menti
407 2093 629 2131 definitione,
647 2093 748 2140 quod
769 2092 807 2126 in
820 2092 913 2128 Rhe-

283 2150 410 2190 toricis
441 2150 514 2192 (cf.
546 2149 576 2192 ᾖ.
609 2147 663 2198 9)
698 2158 734 2182 et
764 2148 912 2196 Topicis

283 2207 343 2251 (ᾖ.
368 2206 443 2250 18)
472 2205 650 2239 defensori
678 2203 845 2253 affigunt,
874 2203 914 2237 in

282 2262 426 2295 Partitt.
465 2272 556 2295 vero
588 2259 792 2293 accusatori.
847 2260 914 2293 Po-

282 2317 410 2351 sterior
430 2316 524 2350 ratio
546 2315 735 2351 Cornificii
765 2326 912 2361 quoque

283 2372 330 2406 est
346 2371 391 2406 ad
413 2373 573 2406 Herenn.
600 2384 632 2410 ι,
667 2369 728 2405 16.

338 2429 419 2475 quia
438 2446 492 2453 ·——
511 2429 659 2473 primum
670 2424 734 2474 fit.
769 2426 852 2459 Hoc
869 2424 909 2459 in

282 2480 363 2516 loco
389 2482 628 2516 Partitionum
647 2480 813 2527 equidem
835 2491 911 2514 non

281 2539 411 2586 utique
429 2537 591 2571 invenio.
650 2537 719 2582 Qu.
740 2535 838 2570 enim
862 2545 912 2569 ta-

280 2590 354 2626 leni
376 2594 414 2626 in
435 2593 500 2626 isto
523 2591 619 2626 libro
641 2591 827 2627 Ciceronis
847 2602 911 2638 po-

279 2648 336 2682 nit
355 2648 422 2682 effe
441 2647 689 2694 disciplinam:
720 2647 826 2692 Quod
838 2646 911 2693 pri-

277 2714 380 2736 mum
418 2702 510 2737 dicit
546 2703 745 2740 accusator,
792 2701 831 2734 id
861 2701 909 2735 est

274 2758 474 2796 continens,-
513 2769 590 2806 quo
620 2757 758 2792 factum
787 2756 910 2791 defen-

969 1265 1024 1301 dit
1051 1279 1154 1305 reus,
1184 1279 1224 1302 ea
1245 1269 1361 1307 ratio,·
1390 1277 1465 1313 quo
1485 1263 1594 1299 ratio-

968 1316 1051 1355 nein
1073 1322 1183 1356 diluit
1203 1331 1313 1360 actor,
1342 1320 1379 1354 id
1389 1321 1594 1367 firmamen-

967 1387 1053 1411 tum.
1109 1377 1220 1413 Vides
1240 1375 1392 1410 discerni
1418 1377 1595 1410 continens

968 1441 1004 1465 et
1023 1432 1292 1476 firmamentum,
1316 1442 1472 1476 quorum
1495 1438 1596 1463 utro·
1645 1462 1649 1466 ,

968 1498 1039 1532 que
1058 1485 1162 1520 reddi
1181 1481 1225 1520 τδ
1244 1484 1383 1529 συνέχον
1412 1484 1522 1518 modo
1542 1483 1597 1518 di-

970 1540 1070 1576 cebat
1100 1540 1217 1575 noster
1246 1540 1307 1584 (§.
1331 1544 1405 1587 9),
1443 1542 1531 1574 sicut
1559 1548 1597 1573 et

970 1597 1098 1631 Cicero
1120 1594 1293 1646 jungebat
1322 1607 1361 1628 ea
1389 1595 1427 1628 in
1447 1593 1596 1642 Topicis

967 1650 992 1685 l.
1025 1663 1054 1685 c.
1109 1653 1197 1685 Eam
1227 1659 1347 1684 tamen
1374 1649 1552 1684 rationem
1576 1660 1597 1683 e
1639 1669 1644 1674 ·

967 1706 1092 1741 verbis
1135 1706 1320 1741 Ciceronis
1366 1705 1405 1739 in
1452 1704 1595 1739 Partitt.

967 1761 1154 1808 quomodo
1185 1760 1334 1799 efficiat,
1361 1772 1436 1794 non
1463 1759 1599 1807 perspi-

968 1817 1035 1852 cio.
1062 1819 1238 1863 „Itaque“
1259 1816 1309 1850 ait
1327 1813 1388 1849 ille
1407 1826 1482 1854 „ea,
1503 1826 1596 1861 quae

966 1874 1036 1910 „lic
1059 1872 1292 1906 referuntur“
1311 1870 1366 1914 (h.
1380 1883 1410 1904 e.
1430 1881 1520 1917 quae
1539 1869 1596 1904 vi·
1639 1884 1643 1892 ·

967 1927 1077 1962 cissim
1099 1935 1338 1974 opponuntur
1356 1937 1431 1964 reo,
1454 1925 1520 1959 sese
1539 1936 1594 1959 ra·
1632 1963 1633 1967 Ἰ

968 1983 1067 2016 tione
1094 1981 1328 2025 defendenti)
1357 1982 1595 2019 „continentia

966 2039 1176 2082 „causarum
1221 2045 1422 2072 vocentur:
1481 2046 1596 2082 quan·
1636 2039 1639 2041 ’

966 2105 1099 2140 „quam
1137 2105 1212 2127 non
1251 2104 1290 2126 ea
1326 2091 1464 2142 magis,
1501 2103 1594 2138 quae
1622 2115 1638 2123 Α

968 2158 1119 2188 „contra
1164 2148 1343 2182 rationem
1377 2145 1593 2182 defensionis
1613 2143 1633 2178 ζ,

968 2204 1206 2243 „afferuntur,
1235 2215 1343 2250 quam
1358 2202 1451 2250 ipfae
1471 2201 1594 2236 defen·

966 2260 1098 2298 „lionis
1118 2259 1287 2296 rationes,
1316 2259 1494 2292 concinent·
1513 2267 1594 2291 cau·
1630 2247 1635 2253 ¹

966 2316 1079 2354 „sas-‘⁶
1135 2314 1268 2352 Vides,
1295 2322 1408 2360 puto,
1435 2311 1498 2346 hic
1515 2323 1595 2346 con-
1629 2334 1641 2352 ,2

966 2372 1077 2405 tinem·
1095 2368 1192 2403 nihil
1212 2367 1312 2402 aliud
1343 2368 1410 2402 effe
1437 2367 1502 2402 nifi
1523 2367 1598 2413 fir«

965 2435 1175 2459 manwntum
1214 2423 1249 2457 h.
1278 2435 1310 2457 e.
1341 2422 1438 2470 quod
1471 2421 1595 2456 defen-

967 2479 1070 2514 denti
1091 2480 1122 2514 se
1141 2491 1215 2518 reo,
1244 2479 1380 2529 regerit
1401 2470 1595 2512 accusatori

964 2538 1023 2570 An
1051 2534 1190 2582 aliquid
1211 2533 1398 2568 turbatum
1421 2533 1500 2571 hic,
1529 2540 1592 2566 aut

965 2603 985 2625 a
1006 2589 1235 2638 Quintiliano
1249 2613 1259 2627 ,
1295 2598 1359 2622 aut
1380 2601 1400 2622 a
1419 2586 1590 2624 librariis,

965 2655 1008 2679 ut
1027 2645 1152 2692 „quod
1170 2644 1332 2692 primum
1354 2645 1418 2678 fit“
1448 2641 1590 2689 ejicien.
1643 2676 1646 2680 .

964 2700 1053 2735 dnm
1078 2699 1150 2735 sit?
1188 2699 1314 2735 Securi
1335 2707 1453 2733 tacent
1480 2697 1592 2726 inter-
1635 2699 1645 2706 ··

963 2765 1094 2804 prete&
1113 2801 1116 2803 ,

1501 1028 1596 1060 Mox
1646 1052 1648 1054 v
