1656 2990
10 338 39 406 f
109 350 246 414 (leat,
285 358 433 408 nulla
464 356 528 406 lis
563 357 648 406 est.

357 153 520 200 INST.
559 154 835 222 ORATOR.
872 154 994 199 LIB.
1027 153 1127 211 111,
1168 154 1212 200 6.
1358 162 1457 214 487

103 251 432 345 permittat.)
522 278 640 329 Nisi
682 278 889 345 aliquid
931 278 1197 329 accusator
1239 279 1458 346 respon-

730 359 803 406 N
800 375 863 406 on
880 353 1004 425 suit
1027 356 1276 423 (inquit)
1304 359 1453 407 aclul-

212 442 214 445 ’
252 448 396 500 'ergo
435 432 674 500 depulsio
714 435 904 499 incipit
937 432 1035 482 effe
1075 436 1289 484 actoris:
1357 435 1452 484 ille

107 441 217 480 te'r:

105 509 298 559 statum
326 509 494 559 faciet.
573 515 649 560 Ita
681 512 783 560 erit
811 511 1032 576 quidem
1060 509 1218 560 status
1245 529 1313 560 ex
1339 513 1450 578 pri-

102 603 190 636 ma
217 586 551 654 depulsione,
590 587 682 637 sed.
703 606 762 637 ea
784 586 873 636 fiet
895 588 958 636 ab
979 587 1297 647 accusatore,
1335 607 1448 639 non

100 680 130 711 a
155 681 270 714 «reo.
384 666 561 734 Quid?
616 665 766 730 quod
795 664 977 714 eadem
1012 664 1249 730 quaestio
1278 665 1502 731 potest18

99 741 335 791 eundem
376 743 466 791 vel
507 742 860 792 accusatorem
903 741 1073 791 facere
1122 744 1210 791 vel
1260 760 1444 793 reum:

101 811 212 892 piei
247 829 413 868 artem
449 819 699 868 ludicram
739 823 1048 877 exercuerit,
1108 823 1160 868 in
1196 826 1457 885 quantor&

93 895 255 944 decim
277 899 460 961 primis
481 895 739 946 ordinibus
759 915 821 946 ne
834 892 1040 969 sedeat.
1091 898 1188 962 qui
1215 896 1267 945 se
1294 915 1442 963 pisae-

92 974 201 1022 tori
237 974 296 1023 in
335 974 507 1023 hortis
541 973 860 1033 ostenderat,
898 991 1075 1041 neque
1106 985 1214 1023 erat
1239 974 1442 1041 produ-

91 1119 400 1176 pro'emblemate
428 1127 540 1167 habet
562 1129 743 1164 Gesnerus
774 1127 987 1168 „hominis,
1021 1127 1088 1175 qui
1118 1128 1438 1164 continuationem

91 1193 155 1222 „et
173 1184 468 1232 consequentiam
496 1185 674 1219 orationis
696 1197 772 1219 non
790 1183 1057 1234 intellige1·et.“
1113 1186 1191 1232 Ipse
1218 1185 1358 1235 igitur,
1389 1199 1437 1222 ex

89 1239 171 1286 ejus
188 1239 355 1280 tatione,
395 1253 480 1276 reus
503 1251 630 1275 monet
657 1240 802 1291 „legem
823 1241 916 1275 'esse“
937 1249 1005 1274 cet.
1037 1250 1080 1274 ut
1105 1241 1320 1275 infinitivus
1347 1255 1436 1289 pen.

88 1294 171 1331 (leat
189 1297 366 1336 e„‹11·cit“
392 1297 494 1344 quod
514 1297 627 1333 modo
650 1296 868 1345 ponebatur.
915 1296 995 1331 Sed
1015 1296 1166 1331 hoccine
1192 1297 1237 1331 de
1253 1296 1334 1348 lege
1355 1310 1435 1332 nar-

86 1353 184 1392 rari,
232 1352 367 1388 scilicet
392 1355 565 1406 ignotum
595 1353 805 1402 judicibus,
849 1352 1055 1388 attinebat?
1104 1354 1150 1388 cf.
1174 1363 1209 1397 7,
1245 1367 1278 1393 ι,
1311 1364 1333 1397 7
1367 1353 1434 1390 ubi

87 1408 214 1444 eadem
242 1408 386 1460 „legem
416 1410 484 1445 effe
514 1421 646 1446 certum
675 1410 760 1445 eIt.“

815 1409 895 1444 vid.
926 1419 1004 1444 not.
1037 1422 1096 1444 ex.

169 1478 241 1501 acc.
262 1465 490 1514 respondeat.
551 1465 674 1502 Guelf.
693 1480 732 1500 α
729 1479 765 1500 c.
788 1467 821 1500 ei
837 1464 1041 1514 respondet.
1101 1464 1354 1501 Indicativum
1370 1465 1436 1502 ha-

83 1520 176 1557 bent
196 1522 305 1557 etiam
324 1521 424 1558 Alm.
446 1522 574 1559 Turio.
602 1524 713 1559 Bern.
733 1521 833 1562 Vo‘Is.
856 1531 895 1566 5.
927 1520 1042 1559 Goth.

75 1648 229 1693 „‚sum.“

83 1705 198 1740 litatis
223 1703 334 1739 status
363 1704 403 1739 in
432 1703 500 1738 hac
521 1704 641 1738 causa:
667 1706 726 1748 ju-

82 1774 164 1796 rene
199 1760 333 1810 occisus
358 1758 412 1810 fit
447 1760 611 1798 adulter,
665 1759 725 1794 sed

21 1843 33 1847 -
81 1810 351 1862 conjicturalis:
379 1818 476 1851 Sitne
495 1816 637 1851 adulter
650 1818 671 1850 2

102 1899 106 1903 -
138 1875 255 1923 inquit
285 1871 358 1908 scil.
377 1870 573 1920 accusator.

135 1929 402 1980 quatuordecim
441 1948 497 1958 —-
534 1928 611 1963 ord.
654 1927 721 1975 qni

78 1985 163 2021 stult
181 1988 338 2036 equitum
349 1984 459 2020 ludos
481 1983 720 2032 spectantium

79 2053 127 2076 ex
154 2041 238 2094 lege
265 2041 394 2076 Roscia
429 2039 619 2079 theatrali,
674 2039 718 2074 de

76 2110 150 2146 qua
185 2097 265 2134 vid.
306 2100 395 2133 Ern.
434 2097 540 2134 Clav.
575 2097 652 2133 Cic.
684 2105 720 2131 et

41 2163 44 2167 '
76 2154 228 2191 Ruhnk.
255 2153 300 2189 ad
322 2152 420 2191 Vell.
442 2164 488 2194 2,
520 2163 585 2197 52.
644 2153 719 2201 Ap-

75 2221 180 2260 paret
205 2222 298 2259 quos
327 2210 400 2245 hoc
429 2210 573 2245 honore
594 2209 717 2257 priva-

74 2267 126 2303 rit
151 2269 197 2304 L.
226 2266 331 2304 Otho
358 2267 510 2302 Roscius
531 2267 609 2303 Cic.
632 2259 717 2300 Phi-

75 2322 238 2373 lipp.2‚
271 2323 460 2368 18.intc1·
484 2335 579 2371 quos
611 2331 716 2357 erant

46 2380 50 2384 ⁴
76 2380 227 2428 infames
261 2392 432 2428 quoque;
473 2378 624 2428 infames
653 2391 715 2414 au-

78 2445 174 2476 tern,
203 2439 265 2486 qui
282 2447 350 2471 art.
373 2436 498 2472 ludier.
523 2450 639 2471 exerc.

133 2494 168 2527 in
187 2494 298 2530 hortis
316 2513 371 2520 --
390 2493 598 2540 productus.
639 2493 714 2540 Ap-

74 2559 178 2598 paret
198 2562 305 2588 eum,
342 2549 403 2583 cui
430 2547 713 2596 quatuordecim

6 2651 13 2657 Ἀ
77 2604 271 2640 ordinibus
294 2604 356 2640 hic
372 2604 631 2644 interdicitur,
661 2617 716 2639 ar-

27 2691 30 2694 ,
78 2660 126 2695 tis
163 2657 373 2710 peiicnlum
403 2661 522 2696 fecisse
549 2661 714 2709 quidem,

77 2726 251 2766 tanquam
273 2718 312 2752 in
334 2719 473 2754 scenam
500 2731 621 2754 coram
650 2731 715 2768 po-

282 1641 416 1695 Neque
438 1647 536 1683 enim
568 1645 616 1681 est
645 1660 729 1696 qua-

782 1646 877 1695 pnlo
910 1646 1172 1695 proditurum,
1223 1646 1279 1681 sed
1293 1672 1302 1686 ,
1354 1644 1429 1682 sive

782 1703 1039 1751 improbatum
1071 1716 1090 1736 a
1122 1699 1312 1742 Pr'aetore.
1352 1705 1428 1738 five

782 1760 862 1794 casu
883 1759 1046 1807 q'uodam
1069 1759 1295 1808 impediente
1308 1785 1318 1799 ,
1350 1772 1426 1794 non

779 1815 886 1850 fuisse
906 1829 925 1848 a
945 1815 1086 1864 populo
1099 1817 1317 1863 spectatum;
1341 1828 1428 1863 qua-

779 1884 820 1906 re
842 1872 969 1920 potnit
998 1873 1038 1906 in
1063 1882 1258 1919 utramque
1279 1882 1422 1920 partem

778 1928 982 1976 disputari,
1018 1938 1061 1962 ut
1084 1927 1146 1963 vel
1167 1941 1422 1963 annumerare-

778 1994 841 2020 tur
862 1984 1125 2023 histrionibus,
1155 1984 1219 2019 vel
1243 1986 1422 2020 eximere·

775 2050 838 2076 tur
866 2053 996 2076 eorum
1022 2053 1193 2076 numero.
1252 2041 1341 2076 Adii
1363 2042 1419 2076 vi-

775 2110 861 2132 rum
884 2097 1136 2132 doctissimum
1152 2098 1327 2133 Carolum
1345 2100 1419 2132 Au-

774 2154 921 2205 gustum
942 2154 1214 2204 Boettigeium,
1245 2164 1287 2189 ut
1309 2154 1419 2188 disce-

774 2223 875 2250 rem,
927 2224 973 2245 an
1004 2211 1202 2247 manifestis
1242 2220 1416 2246 veterum

759 2266 864 2302 =locis
876 2268 1063 2306 constaret,
1090 2266 1299 2315 periculum
1311 2281 1418 2318 agen-

772 2323 903 2358 darum
923 2322 1147 2359 ,fabularum
1180 2324 1317 2358 factum
1347 2324 1416 2358 effe

772 2393 896 2415 coram
928 2379 1220 2430 magistratibus,
1262 2381 1331 2427 qui
1358 2379 1413 2415 lu-

771 2436 838 2472 dos
878 2446 1059 2472 curarent.
1134 2437 1321 2487 Negavit,
1365 2438 1411 2476 se,

770 2493 837 2541 qui
857 2492 929 2528 hoc
948 2492 1079 2527 diserte
1099 2492 1279 2532 traderet,
1310 2506 1413 2542 repe-

770 2548 1009 2590 risseullnrn3
1038 2562 1156 2597 neque
1167 2550 1318 2589 mirum,
1343 2550 1414 2584 hoc

771 2601 882 2640 semel
918 2606 1065 2641 fortaffe
1093 2619 1161 2641 nec
1198 2606 1267 2642 nisi
1294 2605 1416 2643 obiter

771 2662 978 2713 perstringi,
1008 2675 1093 2698 cum
1104 2674 1161 2698 res
1185 2664 1319 2699 scenica
1338 2675 1417 2714 gra-

772 2718 945 2756 vim-ibus
988 2719 1084 2768 apud
1115 2722 1306 2764 Romanos
1338 2720 1415 2755 scri-
