1656 2990
255 261 350 310 393
560 249 633 295 M.
669 250 800 296 ΕΑΒ.
837 252 1245 313 QUINTILIANI

251 373 379 421 teria
408 371 672 420 doctrinae
703 371 774 424 est
789 389 801 421 :
843 373 969 422 haec
999 373 1171 440 fingit,
1211 375 1300 424 illa
1327 374 1552 443 fingitur.

231 448 407 495 ‘Nihil
444 464 521 496 ars
560 446 666 495 fine
703 451 940 500 materia:
981 452 1222 498 materiae·
1259 452 1413 500 etiam
1450 447 1555 502 fine

251 533 356 570 arte
387 524 615 587 pretium
638 522 722 572 est.
801 527 895 574 Ars
926 526 1149 584 summa,
1187 528 1399 575 materia
1424 529 1558 593 opti-

249 614 334 647 ma
359 599 560 647 melior.

357 694 465 742 XX.
505 694 596 741 Illa
625 691 852 758 quaestio
877 692 948 741 est
965 697 1152 755 major,
1194 712 1257 744 ex
1276 697 1461 745 mediis
1480 713 1557 744 ar-

248 769 408 827 tibus,
437 786 568 834 quae
593 786 765 833 neque
787 769 988 817 laudari
1010 787 1102 834 per
1121 770 1195 829 se,
1218 787 1387 836 neque
1415 773 1558 821 vitu-

246 846 417 909 perari
435 842 666 910 poffunt‚
697 843 786 892 sed
808 846 960 893 utiles
988 856 1076 893 aut
1094 846 1252 903 secus,
1270 846 1559 896 secundum

246 936 418 974 mores
439 922 726 977 utentium,
753 918 908 977 fiunt,
944 920 1181 969 habenda
1200 920 1258 968 fit
1276 922 1557 978 rhetorice3

245 1012 312 1042 an
339 994 423 1052 fit,
461 1005 521 1043 ut
553 996 907 1059 compluribus
936 997 1088 1044 etiam
1118 996 1555 1061 philosophorum
1568 1002 1644 1028 202

218 1071 438 1134 2placet‚
477 1071 660 1125 virtus.
734 1070 992 1134 Equidem
1015 1071 1175 1129 illud,
1211 1072 1357 1136 quod
1378 1074 1436 1120 in
1455 1071 1554 1119 stu«
1604 1112 1611 1116 .

246 1145 347 1195 diis
367 1145 592 1195 docendi
610 1146 850 1210 plerique
871 1157 1214 1195 exercuerunt
1236 1158 1286 1194 et
1307 1157 1558 1204 exercent,

244 1231 334 1270 aut
372 1221 562 1269 nullam
607 1231 794 1278 artem,
843 1237 973 1284 quae
1011 1220 1198 1286 οὶτεχνίοι
1238 1223 1558 1278 nominatur,

241 1300 374 1360 puto
411 1296 638 1358 (multos
664 1297 806 1343 enim
830 1295 1015 1353 video,
1053 1295 1159 1344 fine
1191 1298 1420 1353 ratione,
1454 1295 1559 1349 fine

242 1372 432 1428 literis,
469 1388 573 1436 qua
605 1372 694 1420 vel
731 1371 1060 1436 impudentia
1089 1373 1176 1421 vel
1201 1370 1361 1420 fames
1393 1370 1559 1428 duxit,

244 1510 282 1536 ut
311 1500 497 1535 habebunt
526 1499 640 1534 verba
676 1501 722 1534 sic
758 1499 921 1547 disposita
953 1498 1150 1549 elegantem
1187 1495 1358 1544 χιοισμὸν.
1420 1499 1557 1534 Similis

242 1556 517 1602 quodammodo
539 1556 711 1589 sententia
730 1555 777 1589 est
800 1555 896 1601 apud
920 1555 1128 1602 scriptorem
1150 1555 1194 1589 ad
1220 1555 1447 1590 Herennium
1461 1579 1470 1593 ‚
1497 1553 1559 1588 ob-

243 1612 379 1646 scurata
408 1610 529 1645 adhuc
560 1609 653 1644 mala
680 1609 995 1657 interpunctione,
1026 1620 1070 1654 5,
1105 1610 1151 1645 16
1179 1612 1333 1656 „Neque
1354 1610 1423 1644 hoc
1442 1609 1557 1659 magis

242 1676 330 1705 „aut
356 1667 478 1701 minus
497 1666 536 1700 in
556 1665 624 1699 hac
642 1673 705 1699 re“
725 1666 959 1710 (memoria),
987 1678 1121 1712 „quam
1141 1666 1181 1699 in
1201 1666 1327 1699 ceteris
1347 1664 1485 1701 artibus
1503 1665 1556 1703 fit,

242 1731 310 1760 „ut
330 1722 479 1772 ingenio
500 1721 686 1758 doctrina,
715 1733 758 1767 pi
761 1721 966 1767 teceptione
989 1730 1117 1754 natura
1144 1719 1300 1754 nitescat.
1305 1727 1327 1742 ‘⁶
1383 1720 1442 1754 Sic
1458 1719 1556 1754 enim

242 1775 366 1811 locum
394 1777 552 1814 sanavit,
583 1776 649 1822 qui
677 1775 856 1823 plurima,
884 1778 1110 1810 Butnmnnus
1139 1777 1184 1811 V.
1214 1775 1277 1813 C.,
1306 1775 1458 1808 incisum
1488 1773 1556 1808 to-l

241 1831 352 1866 leudo
381 1831 459 1879 post
485 1834 646 1878 ingenio,
674 1843 756 1865 cum
786 1830 987 1865 Lambinus
1016 1843 1145 1864 vocem
1175 1829 1268 1864 hanc
1293 1828 1412 1864 delere
1429 1828 1553 1869 vellet,

239 1896 371 1935 utpote
401 1888 538 1922 iterum
569 1887 721 1933 positam
743 1886 783 1919 in
812 1896 948 1920 natura.
1005 1870 1166 1920 Eandem
1186 1885 1465 1923 diremfionem,
1495 1883 1554 1919 sed

241 1954 326 1976 cum
345 1941 572 1976 correctione
593 1943 832 1987 conjunctam,
862 1951 1040 1988 proponit
1058 1939 1365 1977 Valckenaerius
1354 1952 1400 1978 ιιι,
1410 1949 1487 1973 not.
1511 1937 1556 1977 ad

240 1996 436 2044 Hippolyt.
457 1997 586 2043 Eut-ip.
607 2009 642 2044 p.
665 2003 751 2042 174.
773 1996 853 2030 vid.
875 2005 910 2029 et
929 1998 1056 2031 Butm.
1078 1995 1132 2030 ed.
1153 1994 1389 2030 Herenniani.
1430 1994 1553 2035 Vides,

239 2051 302 2087 vel
324 2051 396 2087 hoo
413 2051 593 2099 exemplo,
614 2061 749 2099 quanto
769 2051 915 2101 dignior
939 2050 1164 2097 Quintiliano
1176 2051 1218 2085 fit
1239 2050 1462 2084 concinnitas
1481 2049 1553 2089 ista,

238 2119 312 2154 qua
341 2106 416 2141 duo
446 2107 603 2141 existunt
631 2107 727 2140 inter
767 2107 798 2140 se
830 2107 1012 2141 commiffa
1044 2117 1167 2140 rerum
1206 2105 1325 2153 paria,
1370 2114 1552 2151 quamque

240 2161 413 2196 obliterat
451 2162 666 2198 Gesneriana
698 2162 805 2195 ratio.
1023 2161 1087 2195 illa
1113 2159 1278 2211 fingitur.
1327 2160 1422 2197 Jens.
1459 2159 1549 2204 (tac.

238 2218 363 2259 Gesn.)
384 2218 448 2252 illa
467 2230 550 2252 vero
561 2218 736 2264 fingitur,
778 2229 861 2250 cum
883 2218 993 2251 Tarv.
1014 2217 1104 2254 Ven.
1135 2216 1223 2249 Loc.
1243 2215 1348 2250 Rufe.
1403 2215 1550 2250 Nervos

236 2273 412 2306 orationis
439 2271 570 2306 incidit
596 2271 762 2306 additum
781 2271 892 2305 istud:
913 2283 1005 2306 vero.
1062 2270 1198 2305 Badius
1215 2269 1375 2308 omittit,
1413 2268 1550 2314 lectore

236 2339 313 2365 non
330 2327 487 2362 monito.
517 2327 648 2374 Neque
670 2325 766 2360 ullus
779 2326 885 2360 habet
898 2326 988 2362 Cod.
1206 2326 1319 2368 major
1338 2337 1397 2358 ex.
1425 2322 1546 2359 Guelf.

236 2384 369 2426 major,
392 2397 439 2416 an
456 2396 515 2416 ex.
540 2393 624 2415 cum
643 2380 784 2428 aliquot
807 2381 886 2415 edd.
907 2392 942 2414 et
961 2379 1075 2415 codd.
1102 2379 1264 2417 rortaffe,
1293 2377 1398 2413 male.
1452 2379 1544 2416 Jens.
1608 2422 1611 2424 Ι

233 2437 346 2474 Tarv.
364 2439 456 2475 Ven.
479 2448 678 2486 omnesque
697 2446 778 2471 ante
801 2436 943 2484 Grypli.
965 2447 1064 2470 meae
1090 2436 1274 2485 ignorant.

286 2547 520 2594 compluribus
537 2565 592 2574 --
612 2546 740 2596 philos·
771 2541 940 2586 Stoi-21
978 2539 1013 2579 δ’
1041 2541 1194 2590 ἀτεχνία
1221 2562 1275 2572 --
1302 2539 1398 2589 perol
1435 2539 1542 2587 Myon

234 2601 284 2636 cis
305 2602 350 2636 cf.
376 2611 412 2640 2,
435 2611 505 2645 15,
525 2611 589 2639 20.
917 2596 1055 2642 φευὸους
1073 2597 1230 2641 ποιητικὴ
1248 2597 1329 2644 ἵξις.

284 2651 448 2701 ἀτεχνία.
477 2658 599 2703 Hujus
613 2656 861 2691 definitionem
969 2657 1026 2690 vol
1055 2675 1107 2682 —-
1135 2656 1202 2690 vel.
1271 2657 1359 2691 Nou
1394 2652 1540 2690 videtur

229 2721 311 2758 pete
341 2712 384 2746 ab
411 2711 624 2750 Aristotele,
653 2710 733 2746 loco
757 2713 861 2759 supra
914 2710 1138 2756 disjunctim,
1170 2710 1226 2744 sed
1245 2709 1468 2755 conjunctim
1489 2718 1541 2741 ac-

229 2767 301 2810 (nd
336 2777 382 2805 2,
417 2777 476 2810 1¹7,
505 2769 578 2814 ζμ)
614 2767 688 2813 jam
729 2767 858 2801 citato:
913 2765 1122 2815 cipiendum
1139 2775 1362 2814 proet-aec
1383 2773 1424 2799 ut
1442 2762 1538 2810 saepe
