1656 2990
249 248 340 300 263
554 245 626 290 Μ.
661 246 793 288 FAB.
828 244 1236 304 QUINTILIANI

240 366 583 434 prehenfione
617 365 796 428 digna,
831 364 1067 414 securitas
1106 376 1277 414 tamen
1312 364 1429 415 esset
1462 377 1546 416 ut-

243 459 451 506 cunque
487 441 792 495 tolerabilis,
834 438 870 486 si
901 440 1158 500 ejusmodi
1191 453 1543 507 praeceptores

241 520 415 568 minus
448 517 720 571 docerent,
759 532 869 564 non
901 520 1073 579 pejus:
1115 517 1241 563 alter
1270 515 1544 567 ille‘etiam

241 591 567 655 frequentior
580 627 593 646 ,
628 589 774 654 quod
792 607 878 638 eos
892 627 904 647 ,
933 592 1026 654 qui
1046 591 1351 654 ampliorem
1371 591 1546 641 dicen-

240 667 298 715 di
327 652 622 715 facultatem
653 663 772 713 sunt
799 664 1081 722 consecuti,
1127 683 1235 715 non
1267 676 1451 729 putant
1479 665 1545 713 ad

237 743 442 790 minora
461 739 791 788 descendere:
833 741 993 804 idque
1013 742 1221 788 interim
1245 739 1382 798 fieri,
1421 742 1544 804 quia

236 815 497 864 fastidiant
533 814 780 880 praestare
811 815 942 863 hanc
974 814 1311 864 inferioribus
1344 832 1542 874 curam;

203 893 475 949 sinterim,
514 893 635 955 quia
655 892 870 939 omnino
895 909 1002 940 non
1025 890 1216 955 poffint.
1293 893 1402 955 Ego
1423 907 1545 955 por-

215 985 298 1021 ,το
321 984 466 1022 eum,
490 968 582 1030 qui
600 967 760 1022 nolit,
797 966 856 1022 in
873 983 1093 1015 numero
1115 966 1543 1031 praecipientium

236 1060 347 1091 nou
389 1043 579 1100 habeo3
628 1039 766 1105 poffe
816 1052 988 1090 autem
1026 1043 1269 1098 maxime,
1314 1040 1351 1088 fi
1391 1041 1543 1098 velit,

237 1119 499 1181 optimum
523 1133 784 1180 quemque
807 1116 1092 1165 contendo:
1127 1118 1373 1181 primum,
1399 1114 1543 1180 quod

236 1209 385 1250 eum,
417 1194 510 1255 qui
529 1193 824 1255 eloquentia
850 1192 1027 1239 ceteris
1046 1190 1275 1255 praestet,
1301 1191 1388 1237 illa
1412 1208 1542 1253 quo-

236 1284 364 1330 que,
406 1284 499 1331 per
537 1283 667 1330 quae
716 1266 780 1312 ad
829 1267 1178 1330 eloquentiam
1216 1268 1542 1329 pervenitur,

200 1341 610 1406 ediligentiffime
634 1340 907 1405 percepisse
931 1341 1175 1388 credibile
1198 1340 1292 1394 eft:
1335 1339 1540 1398 deinde,

235 1419 357 1482 quia
398 1418 690 1480 plurimum
730 1418 787 1463 in
817 1416 1182 1480 praecipiendo
1219 1417 1353 1463 valet
1393 1417 1539 1473 ratio,

232 1509 362 1558 quae
392 1490 671 1540 do'ctiffimo
699 1493 891 1555 cuique
916 1490 1191 1557 planissima
1212 1490 1306 1538 est:
1346 1489 1539 1556 postre-

307 1640 395 1690 sunt
414 1640 507 1688 cons.
560 1639 769 1689 Guels.s1'nt
791 1639 883 1688 cons.
913 1653 994 1674 cum
1017 1639 1143 1675 multis
1172 1639 1251 1677 edd.
1279 1652 1396 1687 neque
1419 1638 1541 1688 displi-

232 1706 306 1738 cet3
338 1697 394 1731 sed
414 1708 502 1730 mox
523 1697 668 1744 pellime
691 1696 787 1730 idem
809 1695 949 1745 pqffunt
968 1707 1036 1742 pro
1055 1693 1194 1742 pqffint.

312 1750 523 1799 plam'ſjima.
580 1749 699 1786 Guelf.
730 1749 924 1798 pleniffima
961 1762 1044 1784 cum
1072 1751 1211 1796 aliquot
1243 1749 1357 1785 Codd.
1391 1759 1427 1784 et
1456 1749 1536 1785 edd.

233 1810 340 1842 Recte
370 1806 522 1840 nostram
550 1806 698 1840 videtur
726 1805 914 1839 defendere
946 1805 1099 1843 Badius,
1136 1805 1201 1851 qui
1229 1803 1537 1852 traarusfestg'ffimam

231 1863 499 1909 interpretatur.
543 1860 757 1897 Confufioni
773 1860 870 1907 apud
889 1859 1055 1894 librarios
1075 1859 1233 1894 obnoxia
1250 1859 1289 1892 in
1305 1860 1434 1907 primis
1456 1861 1537 1894 sunt

230 1919 358 1966 planus
377 1926 413 1951 et
432 1917 566 1964 plenus.
596 1913 672 1951 vid.
692 1914 874 1950 Drakenb.
894 1915 938 1948 ad
957 1916 1042 1950 Liv.
1062 1921 1100 1961 4,
1122 1924 1185 1958 52,
1205 1926 1262 1948 10.

230 2036 340 2076 istud,
371 2051 390 2072 a
413 2037 631 2085 quibusdam
654 2039 734 2074 VV.
766 2038 854 2071 DD.
910 2035 1127 2071 Declamatt.
1158 2047 1194 2082 p.
1218 2041 1280 2078 58.
1312 2034 1396 2071 Vol.
1426 2044 1462 2069 2.
1495 2034 1535 2070 in

227 2093 445 2130 felicitatum
490 2101 631 2139 praeter
678 2090 855 2125 necessita-
913 2091 1138 2139 oppofitioue
1174 2091 1342 2140 „Negant
1371 2109 1425 2117 --
1453 2093 1534 2140 Ego

228 2158 313 2182 tem.
371 2148 547 2197 Pinguius
567 2156 602 2181 et
621 2147 741 2181 minus
763 2146 854 2179 diffi-

228 2202 367 2238 mulato
389 2197 576 2236 conteintu
597 2201 770 2237 Horatius
792 2202 853 2239 „O

226 2257 342 2296 „dura
369 2258 564 2292 messorum
592 2256 694 2290 ilia.“
735 2255 851 2303 Epod.

230 2323 274 2356 3,
303 2316 340 2358 4·

282 2368 360 2414 Ego
398 2379 516 2413 porro.
584 2366 650 2404 Vis
689 2365 854 2400 adverbii

226 2434 354 2468 porro,
384 2422 431 2455 est
459 2421 498 2454 in
530 2422 754 2468 oppositione
775 2420 853 2455 vid.

233 2490 263 2514 1,
292 2484 336 2518 5,
367 2476 431 2523 46.
486 2475 700 2511 simillimus
733 2475 852 2509 nostro

226 2531 326 2565 locus
353 2541 387 2570 2,
414 2539 472 2573 17,
493 2537 530 2574 3,
551 2531 635 2569 ubi,
664 2529 853 2578 praemiss'o

227 2585 419 2620 adversarii
448 2589 509 2630 (ut
530 2584 606 2628 hic)
625 2595 855 2636 argumento,

227 2641 329 2678 „Nos
370 2651 480 2688 porro
510 2658 564 2667 --
603 2653 676 2674 uon
715 2639 852 2674 labora-

225 2703 343 2730 mus.“
384 2697 425 2729 it.
445 2705 480 2738 5,
502 2703 539 2740 8,
560 2704 624 2742 59.
646 2697 750 2744 „Ego
770 2707 851 2742 por-

223 2762 291 2788 „ro
312 2758 401 2783 —.“
440 2752 533 2785 Item
552 2750 648 2798 apud
666 2759 850 2786 auctorem

910 2159 1045 2193 „porro
1067 2164 1120 2173 --
1142 2145 1342 2180 existima«
1385 2145 1453 2180 Sed
1475 2145 1534 2181 Ci-

911 2201 1050 2236 ceronis
1088 2198 1237 2247 quoque
1268 2199 1406 2246 aliquid
1441 2201 1534 2245 ejus·

910 2255 1012 2290 modi
1051 2257 1200 2290 affertur
1246 2254 1284 2287 in
1329 2255 1533 2304 fragmento

908 2311 1082 2346 orationis
1103 2322 1170 2358 pro
1183 2311 1315 2343 Scauro
1338 2319 1374 2351 5,
1402 2318 1459 2352 15,
1478 2316 1530 2356 40

908 2367 1011 2413 „Ego
1047 2378 1153 2412 porro
1191 2384 1244 2390 —
1281 2364 1456 2399 clitellis.“
1494 2377 1531 2412 p.

913 2427 1027 2464 ²058·
1052 2419 1136 2458 Vol.
1159 2425 1195 2465 4.
1232 2421 1268 2452 Ρ.
1294 2429 1327 2452 2.
1351 2421 1438 2453 Ern.
1467 2417 1533 2453 ubi

908 2475 1058 2510 clitellae
1089 2483 1325 2521 opponuntur
1351 2470 1530 2521 plaustris·
1575 2484 1577 2486 ’

907 2530 951 2564 cf.
975 2539 1051 2564 not.
1078 2539 1114 2567 2,
1141 2542 1170 2568 1,
1196 2539 1231 2570 7.
1314 2560 1317 2567 ,,

961 2598 1047 2623 eum,
1070 2585 1128 2632 qui
1148 2584 1246 2618 nolit.
1278 2582 1322 2618 cf.
1350 2597 1380 2622 1,
1404 2589 1442 2629 4,
1466 2592 1528 2626 25.

960 2641 1051 2674 ratio
1073 2659 1126 2666 —-
1157 2637 1364 2686 plam‘ſji'ma.
1419 2639 1530 2672 Ratio

906 2694 952 2729 est
970 2695 1115 2732 theoria,
1146 2694 1302 2740 oppofita
1318 2692 1382 2727 illa
1399 2694 1507 2740 praxi
1515 2706 1528 2732 ,·

904 2747 1101 2797 plang'ffima
1121 2748 1207 2783 haec
1224 2747 1291 2788 est,
1319 2759 1402 2783 cum
1429 2757 1531 2796 pror-
