1656 2990
253 199 381 230 xxvr
689 186 1132 235 PRAEFATIQ

255 324 414 372 quam
440 305 512 355 est
540 305 788 356 verissima
809 305 1035 361 Reinefii
1056 310 1364 367 coniectura,
1404 310 1563 373 agno&

255 396 437 444 scentis
483 394 749 444 consulem
796 394 1184 461 Quintilianum
1223 413 1252 444 e
1291 397 1563 445 Frontino.

253 486 502 532 Ceterum
537 481 937 546 frequentissima
964 482 1084 531 sunt
1110 484 1252 548 apud
1278 486 1564 532 Gruterum

253 583 303 620 et
323 571 680 620 Muratorium
712 572 944 634 exempla
974 571 1204 620 nominis
1227 572 1384 633 hujus
1413 572 1566 628 litera

252 661 308 709 C.
343 660 572 707 carentis.
650 662 794 725 Quae
826 675 948 706 cum
977 659 1214 708 videatur
1235 661 1493 708 recentior
1514 668 1566 705 et

250 747 316 797 ad
343 747 852 811 pronunciationem,
897 747 1052 794 etiam
1073 757 1320 804 veterem,
1365 763 1564 796 accom-

249 834 510 883 modatior
523 833 790 898 scriptura,
809 834 991 885 nullus
1015 834 1200 884 dubito
1221 837 1353 900 quin
1375 833 1563 900 abipso

248 922 496 987 scriptore
527 921 706 970 nostro
733 920 895 969 fuerit
927 922 1180 988 usurpata.
1257 924 1332 971 Ita
1364 933 1426 972 ut
1451 921 1565 971 sen-

246 1013 402 1068 tiam,
439 1019 619 1058 movet
646 1025 731 1056 me
755 1007 1020 1075 singularis
1043 1011 1275 1060 hominis
1305 1009 1486 1059 sanitas
1513 1019 1566 1057 et

246 1097 492 1170 sobrietas
527 1098 589 1145 ab
623 1098 771 1153 omni
800 1095 1123 1148 affectatione
1154 1115 1313 1164 quam
1339 1098 1564 1146 maxime

246 1187 587 1236 abhorrentis.
666 1185 799 1234 Vide
829 1187 967 1235 mihi
1000 1188 1174 1252 qualia
1204 1186 1484 1253 praecipiat
1515 1202 1565 1244 1,

248 1280 298 1332 6,
339 1281 425 1337 4ο.
469 1280 555 1338 41.
600 1289 649 1332 2,
692 1287 741 1332 5.,
783 1290 846 1323 21
892 1285 970 1333 et,
1009 1276 1262 1340 quoniam
1290 1273 1563 1332 ⁴versamur

244 1363 303 1409 in
331 1363 730 1427 orthographiae
757 1364 985 1420 ratione,
1029 1367 1088 1411 in
1114 1364 1305 1428 primis,
1327 1381 1373 1420 1,
1412 1376 1442 1423 7
1480 1363 1564 1411 in-

248 1460 392 1514 tegro
429 1452 606 1515 capite.
684 1452 738 1498 Si
770 1450 965 1515 duplex
993 1450 1098 1509 fuit
1133 1450 1394 1500 scribendi
1431 1465 1570 1508 mos,

246 1540 340 1600 qui
385 1539 474 1588 vel
517 1538 583 1586 ad
621 1548 839 1603 etymon
878 1549 929 1586 et
966 1537 1369 1602 antiquissimum
1405 1535 1562 1584 usum

246 1622 365 1672 esset
395 1623 706 1691 compositus
731 1636 781 1673 et
807 1625 1228 1691 usurpareturjn
1256 1624 1564 1675 solennibus

244 1712 523 1762 ‚foederum
550 1715 867 1762 carminibus
893 1724 1468 1778 monumentorumque
1497 1713 1561 1760 ti-

246 1802 393 1859 tulis,
450 1803 538 1850 vel
566 1804 622 1850 in
657 1801 895 1850 sermone
928 1799 1174 1855 familiari
1205 1799 1563 1866 frequentare-

248 1900 332 1936 tur
341 1906 356 1947 ;
396 1889 499 1938 hoc
521 1876 758 1954 profecto
783 1888 855 1936 est
879 1887 1001 1936 usus
1027 1890 1085 1935 in
1113 1887 1386 1936 scribendo
1406 1888 1562 1934 etiam

244 1977 460 2025 nomine
489 1975 585 2024 suo
613 1979 688 2024 M.
724 1977 926 2024 Fabius.
1017 1976 1210 2038 Neque
1240 1985 1373 2032 erat,
1411 1985 1561 2040 puto,

244 2063 393 2126 quod.
411 2063 738 2112 nobilitatem
751 2062 1028 2125 quandam,
1065 2064 1364 2125 Lamiarum
1386 2078 1558 2111 aemu-

244 2151 374 2208 lam,
412 2152 471 2198 in
501 2152 733 2199 nominis
768 2149 1000 2215 fignandi
1030 2152 1230 2212 ratione
1254 2149 1559 2207 vindicaret,

245 2239 498 2300 quoniam
533 2242 641 2298 ejus
671 2239 749 2287 rei
785 2240 944 2302 gratia
976 2237 1138 2286 hodie
1156 2242 1322 2298 ⁴etiam
1351 2239 1410 2285 in
1439 2237 1560 2287 vul-

245 2325 453 2388 garibus
482 2326 678 2389 linguis
714 2324 1067 2390 praeposterae
1096 2336 1147 2374 et
1181 2325 1426 2375 horridae
1462 2341 1561 2375 no-

245 2412 453 2460 minum
470 2410 749 2475 scripturae
763 2415 1068 2470 retinentur,
1107 2429 1239 2476 quae
1263 2412 1408 2462 causa
1427 2415 1560 2478 quin

248 2498 690 2565 apudQuinctios
726 2510 776 2547 et
802 2501 1116 2568 Quinctilios
1148 2501 1374 2563 valuerit
1409 2501 1559 2565 equi-

249 2586 371 2633 dem
397 2602 508 2635 non
531 2602 845 2653 magnopere
870 2603 1132 2654 repugno3
1169 2565 1259 2638 seii
1281 2589 1558 2658 Quintilia-
