<?xml version="1.0" encoding="UTF-8"?>
<!DOCTYPE html PUBLIC "-//W3C//DTD XHTML 1.0 Transitional//EN"
    "http://www.w3.org/TR/xhtml1/DTD/xhtml1-transitional.dtd">
<html xmlns="http://www.w3.org/1999/xhtml" xml:lang="en" lang="en">
 <head>
  <title>
</title>
<meta http-equiv="Content-Type" content="text/html;charset=utf-8" />
  <meta name='ocr-system' content='tesseract 3.04.00' />
  <meta name='ocr-capabilities' content='ocr_page ocr_carea ocr_par ocr_line ocrx_word'/>
</head>
<body>
  <div class='ocr_page' id='page_1' title='image "./deinstitutioneor01quinuoft_0233.png"; bbox 0 0 1656 2990; ppageno 0'>
   <div class='ocr_carea' id='block_1_1' title="bbox 374 188 1437 247">
    <p class='ocr_par' dir='ltr' id='par_1_1' title="bbox 374 188 1437 247">
     <span class='ocr_line' id='line_1_1' title="bbox 374 188 1437 247; baseline -0.003 -10"><span class='ocrx_word' id='word_1_1' title='bbox 374 190 536 238; x_wconf 81' lang='lat' dir='ltr'><strong>INST.</strong></span> <span class='ocrx_word' id='word_1_2' title='bbox 573 190 852 237; x_wconf 85' lang='lat' dir='ltr'><strong>ORATOR.</strong></span> <span class='ocrx_word' id='word_1_3' title='bbox 885 189 1005 235; x_wconf 84' lang='lat' dir='ltr'><strong>LIB.</strong></span> <span class='ocrx_word' id='word_1_4' title='bbox 1037 189 1077 245; x_wconf 87' lang='lat'><strong>1,</strong></span> <span class='ocrx_word' id='word_1_5' title='bbox 1113 188 1157 235; x_wconf 84' lang='lat'><strong>6.</strong></span> <span class='ocrx_word' id='word_1_6' title='bbox 1342 199 1437 247; x_wconf 74' lang='lat'><strong>139</strong></span> 
     </span>
    </p>
   </div>
   <div class='ocr_carea' id='block_1_2' title="bbox 64 314 1446 1534">
    <p class='ocr_par' dir='ltr' id='par_1_2' title="bbox 64 314 1446 1534">
     <span class='ocr_line' id='line_1_2' title="bbox 98 314 1439 379; baseline -0.006 -10"><span class='ocrx_word' id='word_1_7' title='bbox 98 336 184 377; x_wconf 85' lang='lat' dir='ltr'><strong>ma</strong></span> <span class='ocrx_word' id='word_1_8' title='bbox 207 317 292 368; x_wconf 56' lang='lat' dir='ltr'><strong>est0</strong></span> <span class='ocrx_word' id='word_1_9' title='bbox 372 319 564 368; x_wconf 84' lang='lat' dir='ltr'><strong>Omnia</strong></span> <span class='ocrx_word' id='word_1_10' title='bbox 594 327 769 365; x_wconf 78' lang='lat' dir='ltr'><strong>tamen</strong></span> <span class='ocrx_word' id='word_1_11' title='bbox 798 315 926 363; x_wconf 86' lang='lat' dir='ltr'><strong>haec</strong></span> <span class='ocrx_word' id='word_1_12' title='bbox 956 314 1177 379; x_wconf 83' lang='lat' dir='ltr'><strong>exigunt</strong></span> <span class='ocrx_word' id='word_1_13' title='bbox 1210 329 1325 362; x_wconf 81' lang='lat' dir='ltr'><strong>acre</strong></span> <span class='ocrx_word' id='word_1_14' title='bbox 1354 316 1439 374; x_wconf 74' lang='lat' dir='ltr'><strong>ju-</strong></span> 
     </span>
     <span class='ocr_line' id='line_1_3' title="bbox 99 391 1438 466; baseline -0.008 -17"><span class='ocrx_word' id='word_1_15' title='bbox 99 397 330 450; x_wconf 82' lang='lat' dir='ltr'><strong>dicium:</strong></span> <span class='ocrx_word' id='word_1_16' title='bbox 379 396 630 464; x_wconf 77' lang='lat' dir='ltr'><strong>analogia</strong></span> <span class='ocrx_word' id='word_1_17' title='bbox 659 394 964 466; x_wconf 81' lang='lat' dir='ltr'>praecipue,</span> <span class='ocrx_word' id='word_1_18' title='bbox 1003 408 1164 455; x_wconf 85' lang='lat' dir='ltr'><strong>quam</strong></span> <span class='ocrx_word' id='word_1_19' title='bbox 1194 391 1438 457; x_wconf 80' lang='lat' dir='ltr'><strong>proxime</strong></span> 
     </span>
     <span class='ocr_line' id='line_1_4' title="bbox 100 470 1440 532; baseline -0.004 -9"><span class='ocrx_word' id='word_1_20' title='bbox 100 492 164 528; x_wconf 81' lang='lat' dir='ltr'><strong>ex</strong></span> <span class='ocrx_word' id='word_1_21' title='bbox 191 476 389 522; x_wconf 63' lang='lat' dir='ltr'><strong>Graeco</strong></span> <span class='ocrx_word' id='word_1_22' title='bbox 420 470 785 522; x_wconf 76' lang='lat' dir='ltr'><strong>transferentes</strong></span> <span class='ocrx_word' id='word_1_23' title='bbox 817 471 880 519; x_wconf 25' lang='lat' dir='ltr'><strong>in&lt;</strong></span> <span class='ocrx_word' id='word_1_24' title='bbox 903 470 1181 526; x_wconf 82' lang='lat' dir='ltr'><strong>Latinum,</strong></span> <span class='ocrx_word' id='word_1_25' title='bbox 1214 484 1440 532; x_wconf 76' lang='lat' dir='ltr'><strong>proper-</strong></span> 
     </span>
     <span class='ocr_line' id='line_1_5' title="bbox 65 545 1441 608; baseline -0.004 -6"><span class='ocrx_word' id='word_1_26' title='bbox 65 555 287 602; x_wconf 74' lang='lat' dir='ltr'><strong>4ti0nem</strong></span> <span class='ocrx_word' id='word_1_27' title='bbox 308 560 650 601; x_wconf 78' lang='lat' dir='ltr'><strong>vocaverunt.</strong></span> <span class='ocrx_word' id='word_1_28' title='bbox 727 551 853 608; x_wconf 78' lang='lat' dir='ltr'><strong>Eius</strong></span> <span class='ocrx_word' id='word_1_29' title='bbox 883 546 1010 595; x_wconf 85' lang='lat' dir='ltr'><strong>haec</strong></span> <span class='ocrx_word' id='word_1_30' title='bbox 1038 547 1120 595; x_wconf 88' lang='lat' dir='ltr'><strong>vis</strong></span> <span class='ocrx_word' id='word_1_31' title='bbox 1155 545 1251 604; x_wconf 85' lang='lat' dir='ltr'><strong>est,</strong></span> <span class='ocrx_word' id='word_1_32' title='bbox 1291 556 1352 594; x_wconf 91' lang='lat' dir='ltr'><strong>ut</strong></span> <span class='ocrx_word' id='word_1_33' title='bbox 1380 546 1441 597; x_wconf 81' lang='lat' dir='ltr'><strong>id</strong></span> 
     </span>
     <span class='ocr_line' id='line_1_6' title="bbox 102 621 1441 695; baseline -0.005 -16"><span class='ocrx_word' id='word_1_34' title='bbox 102 627 253 695; x_wconf 84' lang='lat' dir='ltr'>quod</span> <span class='ocrx_word' id='word_1_35' title='bbox 277 629 508 678; x_wconf 84' lang='lat' dir='ltr'><strong>dubium</strong></span> <span class='ocrx_word' id='word_1_36' title='bbox 544 625 642 683; x_wconf 90' lang='lat' dir='ltr'><strong>est,</strong></span> <span class='ocrx_word' id='word_1_37' title='bbox 681 624 748 674; x_wconf 83' lang='lat' dir='ltr'><strong>ad</strong></span> <span class='ocrx_word' id='word_1_38' title='bbox 775 624 979 689; x_wconf 82' lang='lat' dir='ltr'><strong>aliquid</strong></span> <span class='ocrx_word' id='word_1_39' title='bbox 1009 621 1201 685; x_wconf 79' lang='lat' dir='ltr'><strong>simile,</strong></span> <span class='ocrx_word' id='word_1_40' title='bbox 1241 623 1306 671; x_wconf 86' lang='lat' dir='ltr'><strong>de</strong></span> <span class='ocrx_word' id='word_1_41' title='bbox 1328 640 1441 687; x_wconf 88' lang='lat' dir='ltr'><strong>quo</strong></span> 
     </span>
     <span class='ocr_line' id='line_1_7' title="bbox 102 701 1443 771; baseline -0.003 -16"><span class='ocrx_word' id='word_1_42' title='bbox 102 723 216 755; x_wconf 84' lang='lat' dir='ltr'><strong>non</strong></span> <span class='ocrx_word' id='word_1_43' title='bbox 240 708 538 771; x_wconf 84' lang='lat' dir='ltr'><strong>quaeritur,</strong></span> <span class='ocrx_word' id='word_1_44' title='bbox 579 701 794 760; x_wconf 84' lang='lat' dir='ltr'><strong>referat,</strong></span> <span class='ocrx_word' id='word_1_45' title='bbox 835 711 895 750; x_wconf 87' lang='lat' dir='ltr'><strong>ut</strong></span> <span class='ocrx_word' id='word_1_46' title='bbox 918 703 1115 750; x_wconf 86' lang='lat' dir='ltr'><strong>incerta</strong></span> <span class='ocrx_word' id='word_1_47' title='bbox 1141 701 1291 749; x_wconf 83' lang='lat' dir='ltr'><strong>certis</strong></span> <span class='ocrx_word' id='word_1_48' title='bbox 1316 718 1443 766; x_wconf 76' lang='lat' dir='ltr'><strong>pro-</strong></span> 
     </span>
     <span class='ocr_line' id='line_1_8' title="bbox 64 779 1443 848; baseline -0.002 -18"><span class='ocrx_word' id='word_1_49' title='bbox 64 825 69 830; x_wconf 91' lang='lat'><em>.</em></span> <span class='ocrx_word' id='word_1_50' title='bbox 102 782 204 831; x_wconf 85' lang='lat' dir='ltr'><strong>bet.</strong></span> <span class='ocrx_word' id='word_1_51' title='bbox 247 781 396 848; x_wconf 84' lang='lat' dir='ltr'>quod</span> <span class='ocrx_word' id='word_1_52' title='bbox 425 781 647 831; x_wconf 85' lang='lat' dir='ltr'><strong>efficitur</strong></span> <span class='ocrx_word' id='word_1_53' title='bbox 677 779 882 846; x_wconf 82' lang='lat' dir='ltr'>duplici</span> <span class='ocrx_word' id='word_1_54' title='bbox 909 780 1020 827; x_wconf 75' lang='lat' dir='ltr'><strong>via:</strong></span> <span class='ocrx_word' id='word_1_55' title='bbox 1061 781 1443 842; x_wconf 75' lang='lat' dir='ltr'><strong>comparatione</strong></span> 
     </span>
     <span class='ocr_line' id='line_1_9' title="bbox 107 853 1444 922; baseline -0.004 -13"><span class='ocrx_word' id='word_1_56' title='bbox 107 857 359 909; x_wconf 81' lang='lat' dir='ltr'><strong>fimilium</strong></span> <span class='ocrx_word' id='word_1_57' title='bbox 388 862 447 908; x_wconf 86' lang='lat' dir='ltr'><strong>in</strong></span> <span class='ocrx_word' id='word_1_58' title='bbox 490 859 733 911; x_wconf 79' lang='lat' dir='ltr'><strong>extremis</strong></span> <span class='ocrx_word' id='word_1_59' title='bbox 763 858 988 904; x_wconf 85' lang='lat' dir='ltr'><strong>maxime</strong></span> <span class='ocrx_word' id='word_1_60' title='bbox 1027 853 1240 921; x_wconf 82' lang='lat' dir='ltr'>syllabis</span> <span class='ocrx_word' id='word_1_61' title='bbox 1281 856 1444 922; x_wconf 89' lang='lat' dir='ltr'><strong>(pro-</strong></span> 
     </span>
     <span class='ocr_line' id='line_1_10' title="bbox 105 931 1445 1002; baseline -0.003 -17"><span class='ocrx_word' id='word_1_62' title='bbox 105 947 223 1002; x_wconf 83' lang='lat' dir='ltr'><strong>pter</strong></span> <span class='ocrx_word' id='word_1_63' title='bbox 253 936 401 1002; x_wconf 85' lang='lat' dir='ltr'><strong>quod</strong></span> <span class='ocrx_word' id='word_1_64' title='bbox 425 954 507 994; x_wconf 84' lang='lat' dir='ltr'><strong>ea,</strong></span> <span class='ocrx_word' id='word_1_65' title='bbox 550 952 682 1000; x_wconf 87' lang='lat' dir='ltr'><strong>quae</strong></span> <span class='ocrx_word' id='word_1_66' title='bbox 703 933 825 982; x_wconf 82' lang='lat' dir='ltr'><strong>sunt</strong></span> <span class='ocrx_word' id='word_1_67' title='bbox 851 950 877 981; x_wconf 87' lang='lat' dir='ltr'><strong>e</strong></span> <span class='ocrx_word' id='word_1_68' title='bbox 900 931 1140 995; x_wconf 72' lang='lat' dir='ltr'><strong>singulis,</strong></span> <span class='ocrx_word' id='word_1_69' title='bbox 1182 944 1445 998; x_wconf 73' lang='lat' dir='ltr'><strong>negantur</strong></span> 
     </span>
     <span class='ocr_line' id='line_1_11' title="bbox 72 1011 1445 1075; baseline -0.002 -14"><span class='ocrx_word' id='word_1_70' title='bbox 72 1012 300 1063; x_wconf 85' lang='lat' dir='ltr'><strong>5debere</strong></span> <span class='ocrx_word' id='word_1_71' title='bbox 329 1015 647 1075; x_wconf 83' lang='lat' dir='ltr'><strong>rationem):</strong></span> <span class='ocrx_word' id='word_1_72' title='bbox 682 1021 732 1058; x_wconf 92' lang='lat' dir='ltr'><strong>et</strong></span> <span class='ocrx_word' id='word_1_73' title='bbox 759 1012 1099 1059; x_wconf 75' lang='lat' dir='ltr'><strong>diminutione.</strong></span> <span class='ocrx_word' id='word_1_74' title='bbox 1156 1011 1445 1074; x_wconf 75' lang='lat' dir='ltr'><strong>Compara-</strong></span> 
     </span>
     <span class='ocr_line' id='line_1_12' title="bbox 104 1086 1445 1152; baseline -0.003 -14"><span class='ocrx_word' id='word_1_75' title='bbox 104 1093 174 1139; x_wconf 81' lang='lat' dir='ltr'><strong>tio</strong></span> <span class='ocrx_word' id='word_1_76' title='bbox 203 1091 261 1139; x_wconf 85' lang='lat' dir='ltr'><strong>in</strong></span> <span class='ocrx_word' id='word_1_77' title='bbox 289 1090 603 1140; x_wconf 78' lang='lat' dir='ltr'>nominibus</span> <span class='ocrx_word' id='word_1_78' title='bbox 627 1099 717 1136; x_wconf 84' lang='lat' dir='ltr'><strong>aut</strong></span> <span class='ocrx_word' id='word_1_79' title='bbox 741 1104 907 1152; x_wconf 79' lang='lat' dir='ltr'><strong>genus</strong></span> <span class='ocrx_word' id='word_1_80' title='bbox 937 1086 1315 1151; x_wconf 82' lang='lat' dir='ltr'><strong>deprehendit,</strong></span> <span class='ocrx_word' id='word_1_81' title='bbox 1355 1098 1445 1136; x_wconf 83' lang='lat' dir='ltr'><strong>aut</strong></span> 
     </span>
     <span class='ocr_line' id='line_1_13' title="bbox 103 1161 1445 1234; baseline -0.004 -18"><span class='ocrx_word' id='word_1_82' title='bbox 103 1165 527 1217; x_wconf 69' lang='lat' dir='ltr'><strong>declinationem.</strong></span> <span class='ocrx_word' id='word_1_83' title='bbox 585 1165 784 1221; x_wconf 78' lang='lat' dir='ltr'><strong>Genus,</strong></span> <span class='ocrx_word' id='word_1_84' title='bbox 819 1175 899 1220; x_wconf 81' lang='lat' dir='ltr'><strong>ut,</strong></span> <span class='ocrx_word' id='word_1_85' title='bbox 940 1162 982 1212; x_wconf 80' lang='lat' dir='ltr'><strong>si</strong></span> <span class='ocrx_word' id='word_1_86' title='bbox 1008 1175 1314 1228; x_wconf 78' lang='lat' dir='ltr'><strong>quaeratur,</strong></span> <span class='ocrx_word' id='word_1_87' title='bbox 1340 1161 1445 1234; x_wconf 80' lang='lat' dir='ltr'><strong>fu-</strong></span> 
     </span>
     <span class='ocr_line' id='line_1_14' title="bbox 102 1239 1446 1307; baseline -0.004 -13"><span class='ocrx_word' id='word_1_88' title='bbox 102 1243 550 1307; x_wconf 12' lang='lat' dir='ltr'><strong>w&amp;masculi11um</strong></span> <span class='ocrx_word' id='word_1_89' title='bbox 571 1240 665 1299; x_wconf 74' lang='lat' dir='ltr'><strong>sit,</strong></span> <span class='ocrx_word' id='word_1_90' title='bbox 698 1259 761 1290; x_wconf 82' lang='lat' dir='ltr'><strong>an</strong></span> <span class='ocrx_word' id='word_1_91' title='bbox 780 1240 1131 1300; x_wconf 79' lang='lat' dir='ltr'><strong>femininum,</strong></span> <span class='ocrx_word' id='word_1_92' title='bbox 1172 1239 1336 1290; x_wconf 77' lang='lat' dir='ltr'><strong>simile</strong></span> <span class='ocrx_word' id='word_1_93' title='bbox 1361 1242 1446 1290; x_wconf 77' lang='lat' dir='ltr'><strong>illi</strong></span> 
     </span>
     <span class='ocr_line' id='line_1_15' title="bbox 103 1315 1446 1385; baseline -0.002 -15"><span class='ocrx_word' id='word_1_94' title='bbox 103 1318 163 1370; x_wconf 82' lang='lat' dir='ltr'><strong>fit</strong></span> <span class='ocrx_word' id='word_1_95' title='bbox 183 1315 360 1385; x_wconf 60' lang='lat' dir='ltr'><strong>panis.-</strong></span> <span class='ocrx_word' id='word_1_96' title='bbox 394 1321 834 1376; x_wconf 73' lang='grc' dir='ltr'><strong>Βεείἰηιιῑὶοηεηι,</strong></span> <span class='ocrx_word' id='word_1_97' title='bbox 874 1329 963 1376; x_wconf 83' lang='lat' dir='ltr'><strong>ut,</strong></span> <span class='ocrx_word' id='word_1_98' title='bbox 990 1316 1031 1367; x_wconf 83' lang='lat' dir='ltr'>fi</span> <span class='ocrx_word' id='word_1_99' title='bbox 1059 1320 1234 1367; x_wconf 84' lang='lat' dir='ltr'><strong>veniat</strong></span> <span class='ocrx_word' id='word_1_100' title='bbox 1258 1321 1316 1368; x_wconf 89' lang='lat' dir='ltr'><strong>in</strong></span> <span class='ocrx_word' id='word_1_101' title='bbox 1344 1318 1446 1368; x_wconf 84' lang='lat' dir='ltr'><strong>du-</strong></span> 
     </span>
     <span class='ocr_line' id='line_1_16' title="bbox 82 1390 1445 1456; baseline -0.001 -9"><span class='ocrx_word' id='word_1_102' title='bbox 82 1390 284 1456; x_wconf 43' lang='lat' dir='ltr'><strong>*bium‚</strong></span> <span class='ocrx_word' id='word_1_103' title='bbox 323 1398 419 1448; x_wconf 77' lang='lat' dir='ltr'><strong>hac</strong></span> <span class='ocrx_word' id='word_1_104' title='bbox 449 1399 600 1447; x_wconf 77' lang='lat' dir='ltr'><strong>domu</strong></span> <span class='ocrx_word' id='word_1_105' title='bbox 632 1396 923 1445; x_wconf 85' lang='lat' dir='ltr'><strong>dicendum</strong></span> <span class='ocrx_word' id='word_1_106' title='bbox 954 1394 1037 1454; x_wconf 83' lang='lat' dir='ltr'><strong>fit,</strong></span> <span class='ocrx_word' id='word_1_107' title='bbox 1077 1413 1143 1445; x_wconf 85' lang='lat' dir='ltr'><strong>an</strong></span> <span class='ocrx_word' id='word_1_108' title='bbox 1166 1396 1261 1446; x_wconf 77' lang='lat' dir='ltr'><strong>hac</strong></span> <span class='ocrx_word' id='word_1_109' title='bbox 1278 1398 1445 1454; x_wconf 86' lang='lat' dir='ltr'><strong><em>domo,</em></strong></span> 
     </span>
     <span class='ocr_line' id='line_1_17' title="bbox 107 1472 1445 1534; baseline -0.001 -10"><span class='ocrx_word' id='word_1_110' title='bbox 107 1485 160 1524; x_wconf 82' lang='lat' dir='ltr'><strong>et</strong></span> <span class='ocrx_word' id='word_1_111' title='bbox 186 1476 449 1534; x_wconf 80' lang='lat' dir='ltr'><em>domuum,</em></span> <span class='ocrx_word' id='word_1_112' title='bbox 486 1493 553 1524; x_wconf 86' lang='lat' dir='ltr'><strong>an</strong></span> <span class='ocrx_word' id='word_1_113' title='bbox 574 1476 866 1532; x_wconf 79' lang='lat' dir='ltr'><strong>domorum,</strong></span> <span class='ocrx_word' id='word_1_114' title='bbox 907 1472 1094 1523; x_wconf 72' lang='lat' dir='ltr'><strong>similia</strong></span> <span class='ocrx_word' id='word_1_115' title='bbox 1127 1472 1225 1523; x_wconf 86' lang='lat' dir='ltr'><strong>fint</strong></span> <span class='ocrx_word' id='word_1_116' title='bbox 1250 1475 1445 1532; x_wconf 80' lang='lat' dir='ltr'><strong>domus,</strong></span> 
     </span>
    </p>
   </div>
   <div class='ocr_carea' id='block_1_3' title="bbox 38 1595 1454 2102">
    <p class='ocr_par' dir='ltr' id='par_1_3' title="bbox 38 1595 1454 2102">
     <span class='ocr_line' id='line_1_18' title="bbox 185 1595 1250 1645; baseline 0 -13"><span class='ocrx_word' id='word_1_117' title='bbox 185 1609 265 1632; x_wconf 79' lang='lat' dir='ltr'><strong>acre</strong></span> <span class='ocrx_word' id='word_1_118' title='bbox 279 1596 392 1642; x_wconf 73' lang='lat' dir='ltr'><strong>judic.</strong></span> <span class='ocrx_word' id='word_1_119' title='bbox 451 1595 577 1634; x_wconf 82' lang='lat' dir='ltr'><strong>Guelf.</strong></span> <span class='ocrx_word' id='word_1_120' title='bbox 602 1611 735 1645; x_wconf 81' lang='lat' dir='ltr'><strong>grave,</strong></span> <span class='ocrx_word' id='word_1_121' title='bbox 765 1609 850 1632; x_wconf 87' lang='lat' dir='ltr'><strong>eum</strong></span> <span class='ocrx_word' id='word_1_122' title='bbox 871 1596 1035 1632; x_wconf 81' lang='lat' dir='ltr'><strong>Siehard.</strong></span> <span class='ocrx_word' id='word_1_123' title='bbox 1066 1597 1122 1632; x_wconf 88' lang='lat' dir='ltr'><strong>ed.</strong></span> <span class='ocrx_word' id='word_1_124' title='bbox 1143 1595 1250 1632; x_wconf 76' lang='lat' dir='ltr'><strong>male.</strong></span> 
     </span>
     <span class='ocr_line' id='line_1_19' title="bbox 105 1652 1447 1693; baseline 0 -5"><span class='ocrx_word' id='word_1_125' title='bbox 105 1653 144 1688; x_wconf 68' lang='lat' dir='ltr'><strong>in</strong></span> <span class='ocrx_word' id='word_1_126' title='bbox 166 1653 375 1689; x_wconf 73' lang='lat' dir='ltr'><strong>nominibus.</strong></span> <span class='ocrx_word' id='word_1_127' title='bbox 435 1653 559 1690; x_wconf 85' lang='lat' dir='ltr'><strong>Guelf.</strong></span> <span class='ocrx_word' id='word_1_128' title='bbox 585 1666 672 1688; x_wconf 88' lang='lat' dir='ltr'><strong>cum</strong></span> <span class='ocrx_word' id='word_1_129' title='bbox 695 1653 810 1690; x_wconf 85' lang='lat' dir='ltr'><strong>Goth.</strong></span> <span class='ocrx_word' id='word_1_130' title='bbox 833 1653 946 1691; x_wconf 78' lang='lat' dir='ltr'><strong>etiam</strong></span> <span class='ocrx_word' id='word_1_131' title='bbox 965 1653 1028 1688; x_wconf 83' lang='lat' dir='ltr'><strong>liic</strong></span> <span class='ocrx_word' id='word_1_132' title='bbox 1051 1655 1229 1693; x_wconf 81' lang='lat' dir='ltr'><strong>omnibus,</strong></span> <span class='ocrx_word' id='word_1_133' title='bbox 1258 1652 1447 1688; x_wconf 79' lang='lat' dir='ltr'><strong>manifesto</strong></span> 
     </span>
     <span class='ocr_line' id='line_1_20' title="bbox 38 1709 1452 1758; baseline 0 -12"><span class='ocrx_word' id='word_1_134' title='bbox 38 1741 43 1746; x_wconf 91' lang='lat'><strong>.</strong></span> <span class='ocrx_word' id='word_1_135' title='bbox 107 1720 255 1749; x_wconf 73' lang='lat' dir='ltr'><strong>more,</strong></span> <span class='ocrx_word' id='word_1_136' title='bbox 284 1709 351 1756; x_wconf 87' lang='lat' dir='ltr'><strong>qui</strong></span> <span class='ocrx_word' id='word_1_137' title='bbox 379 1720 455 1745; x_wconf 82' lang='lat' dir='ltr'><strong>tam</strong></span> <span class='ocrx_word' id='word_1_138' title='bbox 484 1711 657 1758; x_wconf 81' lang='lat' dir='ltr'><strong>frequens</strong></span> <span class='ocrx_word' id='word_1_139' title='bbox 690 1710 777 1745; x_wconf 81' lang='lat' dir='ltr'><strong>[olet</strong></span> <span class='ocrx_word' id='word_1_140' title='bbox 806 1710 874 1745; x_wconf 78' lang='lat' dir='ltr'><strong>effe</strong></span> <span class='ocrx_word' id='word_1_141' title='bbox 906 1711 947 1745; x_wconf 86' lang='lat' dir='ltr'><strong>in</strong></span> <span class='ocrx_word' id='word_1_142' title='bbox 971 1710 1116 1750; x_wconf 85' lang='lat' dir='ltr'><strong>Codd.‚</strong></span> <span class='ocrx_word' id='word_1_143' title='bbox 1147 1722 1189 1745; x_wconf 88' lang='lat' dir='ltr'><strong>ut</strong></span> <span class='ocrx_word' id='word_1_144' title='bbox 1214 1710 1452 1746; x_wconf 76' lang='lat' dir='ltr'><strong>antecedente</strong></span> 
     </span>
     <span class='ocr_line' id='line_1_21' title="bbox 95 1758 1451 1816; baseline 0.001 -16"><span class='ocrx_word' id='word_1_145' title='bbox 95 1758 319 1816; x_wconf 70' lang='lat' dir='ltr'><strong>⁴&#39;praesertim</strong></span> <span class='ocrx_word' id='word_1_146' title='bbox 338 1781 363 1802; x_wconf 84' lang='lat' dir='ltr'><strong>n</strong></span> <span class='ocrx_word' id='word_1_147' title='bbox 383 1765 491 1802; x_wconf 85' lang='lat' dir='ltr'><strong>litera</strong></span> <span class='ocrx_word' id='word_1_148' title='bbox 523 1775 607 1802; x_wconf 88' lang='lat' dir='ltr'><strong>tuto</strong></span> <span class='ocrx_word' id='word_1_149' title='bbox 636 1766 744 1802; x_wconf 80' lang='lat' dir='ltr'><strong>liceat</strong></span> <span class='ocrx_word' id='word_1_150' title='bbox 771 1777 897 1802; x_wconf 78' lang='lat' dir='ltr'><strong>contra</strong></span> <span class='ocrx_word' id='word_1_151' title='bbox 928 1779 1056 1803; x_wconf 74' lang='lat' dir='ltr'><strong>omues</strong></span> <span class='ocrx_word' id='word_1_152' title='bbox 1077 1767 1168 1801; x_wconf 83' lang='lat' dir='ltr'><strong>adeo</strong></span> <span class='ocrx_word' id='word_1_153' title='bbox 1194 1766 1313 1804; x_wconf 82' lang='lat' dir='ltr'><strong>codd.</strong></span> <span class='ocrx_word' id='word_1_154' title='bbox 1338 1767 1451 1802; x_wconf 87' lang='lat' dir='ltr'><strong>corri-</strong></span> 
     </span>
     <span class='ocr_line' id='line_1_22' title="bbox 107 1822 1452 1873; baseline 0.002 -17"><span class='ocrx_word' id='word_1_155' title='bbox 107 1833 194 1873; x_wconf 77' lang='lat' dir='ltr'><strong>gere</strong></span> <span class='ocrx_word' id='word_1_156' title='bbox 228 1822 443 1870; x_wconf 81' lang='lat' dir='ltr'><strong>scripturam</strong></span> <span class='ocrx_word' id='word_1_157' title='bbox 477 1825 516 1858; x_wconf 91' lang='lat' dir='ltr'><strong>in</strong></span> <span class='ocrx_word' id='word_1_158' title='bbox 545 1824 640 1859; x_wconf 79' lang='lat' dir='ltr'><strong>hisee</strong></span> <span class='ocrx_word' id='word_1_159' title='bbox 670 1823 813 1858; x_wconf 76' lang='lat' dir='ltr'><strong>duabus</strong></span> <span class='ocrx_word' id='word_1_160' title='bbox 844 1822 1025 1863; x_wconf 82' lang='lat' dir='ltr'><strong>vocibus,</strong></span> <span class='ocrx_word' id='word_1_161' title='bbox 1059 1836 1129 1872; x_wconf 86' lang='lat' dir='ltr'><strong>pro</strong></span> <span class='ocrx_word' id='word_1_162' title='bbox 1160 1825 1341 1871; x_wconf 89' lang='lat' dir='ltr'><strong>cujusque</strong></span> <span class='ocrx_word' id='word_1_163' title='bbox 1376 1823 1452 1859; x_wconf 78' lang='lat' dir='ltr'><strong>loci</strong></span> 
     </span>
     <span class='ocr_line' id='line_1_23' title="bbox 107 1878 1450 1930; baseline 0.001 -15"><span class='ocrx_word' id='word_1_164' title='bbox 107 1878 295 1915; x_wconf 79' lang='lat' dir='ltr'><strong>sententia.</strong></span> <span class='ocrx_word' id='word_1_165' title='bbox 324 1879 371 1914; x_wconf 82' lang='lat' dir='ltr'><strong>cf.</strong></span> <span class='ocrx_word' id='word_1_166' title='bbox 395 1879 439 1914; x_wconf 86' lang='lat' dir='ltr'><strong>ad</strong></span> <span class='ocrx_word' id='word_1_167' title='bbox 465 1894 499 1919; x_wconf 83' lang='lat'><strong>1,</strong></span> <span class='ocrx_word' id='word_1_168' title='bbox 526 1894 560 1919; x_wconf 84' lang='lat'><strong>1,</strong></span> <span class='ocrx_word' id='word_1_169' title='bbox 583 1890 635 1924; x_wconf 82' lang='lat'><strong>30</strong></span> <span class='ocrx_word' id='word_1_170' title='bbox 655 1890 733 1914; x_wconf 90' lang='lat' dir='ltr'><strong>not.</strong></span> <span class='ocrx_word' id='word_1_171' title='bbox 750 1880 844 1916; x_wconf 81' lang='lat' dir='ltr'><strong>crit.</strong></span> <span class='ocrx_word' id='word_1_172' title='bbox 1058 1879 1193 1930; x_wconf 74' lang='lat' dir='ltr'><strong>similia</strong></span> <span class='ocrx_word' id='word_1_173' title='bbox 1204 1878 1292 1930; x_wconf 78' lang='lat' dir='ltr'><strong>fine.</strong></span> <span class='ocrx_word' id='word_1_174' title='bbox 1325 1879 1450 1916; x_wconf 71' lang='lat' dir='ltr'><strong>Guelf-</strong></span> 
     </span>
     <span class='ocr_line' id='line_1_24' title="bbox 100 1933 1449 1986; baseline 0.002 -18"><span class='ocrx_word' id='word_1_175' title='bbox 100 1933 212 1986; x_wconf 80' lang='lat' dir='ltr'><strong>sunt,</strong></span> <span class='ocrx_word' id='word_1_176' title='bbox 241 1947 325 1969; x_wconf 88' lang='lat' dir='ltr'><strong>cum</strong></span> <span class='ocrx_word' id='word_1_177' title='bbox 348 1948 424 1983; x_wconf 86' lang='lat' dir='ltr'><strong>quo</strong></span> <span class='ocrx_word' id='word_1_178' title='bbox 447 1936 589 1971; x_wconf 85' lang='lat' dir='ltr'><strong>faciunt</strong></span> <span class='ocrx_word' id='word_1_179' title='bbox 609 1935 689 1971; x_wconf 88' lang='lat' dir='ltr'><strong>edd.</strong></span> <span class='ocrx_word' id='word_1_180' title='bbox 702 1937 796 1975; x_wconf 85' lang='lat' dir='ltr'><strong>Jens.</strong></span> <span class='ocrx_word' id='word_1_181' title='bbox 821 1936 838 1980; x_wconf 85' lang='lat'>(</span> <span class='ocrx_word' id='word_1_182' title='bbox 850 1945 917 1971; x_wconf 85' lang='lat' dir='ltr'><strong>tac.</strong></span> <span class='ocrx_word' id='word_1_183' title='bbox 931 1936 1058 1983; x_wconf 85' lang='lat' dir='ltr'><strong>Gern.)</strong></span> <span class='ocrx_word' id='word_1_184' title='bbox 1077 1937 1189 1971; x_wconf 83' lang='lat' dir='ltr'><strong>Tarv.</strong></span> <span class='ocrx_word' id='word_1_185' title='bbox 1211 1938 1302 1971; x_wconf 89' lang='lat' dir='ltr'><strong>Loc.</strong></span> <span class='ocrx_word' id='word_1_186' title='bbox 1316 1937 1449 1972; x_wconf 76' lang='lat' dir='ltr'><strong>Venet.</strong></span> 
     </span>
     <span class='ocr_line' id='line_1_25' title="bbox 106 1991 1454 2042; baseline 0.001 -15"><span class='ocrx_word' id='word_1_187' title='bbox 106 1991 215 2027; x_wconf 76' lang='lat' dir='ltr'><strong>Ruso.</strong></span> <span class='ocrx_word' id='word_1_188' title='bbox 240 1991 330 2026; x_wconf 75' lang='lat' dir='ltr'><strong>Bad.</strong></span> <span class='ocrx_word' id='word_1_189' title='bbox 351 1991 435 2026; x_wconf 85' lang='lat' dir='ltr'><strong>Ald.</strong></span> <span class='ocrx_word' id='word_1_190' title='bbox 458 1994 577 2030; x_wconf 73' lang='lat' dir='ltr'><strong>Vim-t.</strong></span> <span class='ocrx_word' id='word_1_191' title='bbox 634 1993 768 2039; x_wconf 83' lang='lat' dir='ltr'><strong>Neque</strong></span> <span class='ocrx_word' id='word_1_192' title='bbox 790 1992 837 2028; x_wconf 82' lang='lat' dir='ltr'><strong>est</strong></span> <span class='ocrx_word' id='word_1_193' title='bbox 857 2004 922 2026; x_wconf 81' lang='lat' dir='ltr'><strong>cur</strong></span> <span class='ocrx_word' id='word_1_194' title='bbox 946 1991 1132 2039; x_wconf 82' lang='lat' dir='ltr'><strong>displiceat</strong></span> <span class='ocrx_word' id='word_1_195' title='bbox 1160 2004 1226 2042; x_wconf 86' lang='lat' dir='ltr'><strong>per</strong></span> <span class='ocrx_word' id='word_1_196' title='bbox 1246 1994 1277 2028; x_wconf 81' lang='lat' dir='ltr'><strong>se</strong></span> <span class='ocrx_word' id='word_1_197' title='bbox 1300 1993 1454 2041; x_wconf 83' lang='lat' dir='ltr'><strong>quidem</strong></span> 
     </span>
     <span class='ocr_line' id='line_1_26' title="bbox 108 2045 1452 2102; baseline 0.003 -20"><span class='ocrx_word' id='word_1_198' title='bbox 108 2045 356 2086; x_wconf 74' lang='lat' dir='ltr'><strong>indicativus,</strong></span> <span class='ocrx_word' id='word_1_199' title='bbox 384 2048 453 2084; x_wconf 75' lang='lat' dir='ltr'><strong>nili</strong></span> <span class='ocrx_word' id='word_1_200' title='bbox 472 2049 574 2098; x_wconf 83' lang='lat' dir='ltr'><strong>quod</strong></span> <span class='ocrx_word' id='word_1_201' title='bbox 596 2048 799 2098; x_wconf 74' lang='lat' dir='ltr'><strong>praecellit:</strong></span> <span class='ocrx_word' id='word_1_202' title='bbox 830 2048 970 2089; x_wconf 69' lang='lat' dir='ltr'><strong>„simile</strong></span> <span class='ocrx_word' id='word_1_203' title='bbox 990 2048 1048 2084; x_wconf 82' lang='lat' dir='ltr'><strong>ilh&#39;</strong></span> <span class='ocrx_word' id='word_1_204' title='bbox 1059 2051 1151 2098; x_wconf 82' lang='lat' dir='ltr'><strong>fic.“</strong></span> <span class='ocrx_word' id='word_1_205' title='bbox 1182 2049 1227 2084; x_wconf 87' lang='lat' dir='ltr'><strong>cf.</strong></span> <span class='ocrx_word' id='word_1_206' title='bbox 1247 2060 1323 2084; x_wconf 88' lang='lat' dir='ltr'><strong>not.</strong></span> <span class='ocrx_word' id='word_1_207' title='bbox 1346 2062 1452 2102; x_wconf 79' lang='lat' dir='ltr'><strong>exeg-</strong></span> 
     </span>
    </p>
   </div>
   <div class='ocr_carea' id='block_1_4' title="bbox 102 2150 758 2764">
    <p class='ocr_par' dir='ltr' id='par_1_4' title="bbox 102 2150 757 2706">
     <span class='ocr_line' id='line_1_27' title="bbox 109 2150 754 2199; baseline 0.002 -14"><span class='ocrx_word' id='word_1_208' title='bbox 109 2150 202 2188; x_wconf 71' lang='lat' dir='ltr'><strong>Arte</strong></span> <span class='ocrx_word' id='word_1_209' title='bbox 231 2162 302 2185; x_wconf 80' lang='lat' dir='ltr'><strong>am.</strong></span> <span class='ocrx_word' id='word_1_210' title='bbox 339 2159 384 2194; x_wconf 78' lang='grc'><strong>5,</strong></span> <span class='ocrx_word' id='word_1_211' title='bbox 423 2157 504 2199; x_wconf 79' lang='grc'><strong>480</strong></span> <span class='ocrx_word' id='word_1_212' title='bbox 551 2151 754 2191; x_wconf 79' lang='lat' dir='ltr'><strong>„sermonis</strong></span> 
     </span>
     <span class='ocr_line' id='line_1_28' title="bbox 102 2205 756 2256; baseline 0.005 -16"><span class='ocrx_word' id='word_1_213' title='bbox 102 2205 279 2255; x_wconf 75' lang='lat' dir='ltr'><strong>¹„publica</strong></span> <span class='ocrx_word' id='word_1_214' title='bbox 293 2205 419 2255; x_wconf 83' lang='lat' dir='ltr'><strong>forma</strong></span> <span class='ocrx_word' id='word_1_215' title='bbox 439 2207 596 2256; x_wconf 81' lang='lat' dir='ltr'><strong>placet.“</strong></span> <span class='ocrx_word' id='word_1_216' title='bbox 619 2209 699 2244; x_wconf 86' lang='lat' dir='ltr'><strong>vid.</strong></span> <span class='ocrx_word' id='word_1_217' title='bbox 720 2218 756 2243; x_wconf 83' lang='lat' dir='ltr'><strong>et</strong></span> 
     </span>
     <span class='ocr_line' id='line_1_29' title="bbox 111 2264 749 2312; baseline 0.002 -14"><span class='ocrx_word' id='word_1_218' title='bbox 111 2265 212 2299; x_wconf 81' lang='lat' dir='ltr'><strong>sext.</strong></span> <span class='ocrx_word' id='word_1_219' title='bbox 234 2265 344 2312; x_wconf 86' lang='lat' dir='ltr'><strong>Emp.</strong></span> <span class='ocrx_word' id='word_1_220' title='bbox 370 2264 508 2300; x_wconf 83' lang='lat' dir='ltr'><strong>advers.</strong></span> <span class='ocrx_word' id='word_1_221' title='bbox 541 2265 657 2300; x_wconf 84' lang='lat' dir='ltr'><strong>Math.</strong></span> <span class='ocrx_word' id='word_1_222' title='bbox 681 2265 705 2300; x_wconf 88' lang='lat' dir='ltr'><strong>l.</strong></span> <span class='ocrx_word' id='word_1_223' title='bbox 732 2278 749 2299; x_wconf 82' lang='grc' dir='ltr'>ι</span> 
     </span>
     <span class='ocr_line' id='line_1_30' title="bbox 111 2316 757 2366; baseline 0 -10"><span class='ocrx_word' id='word_1_224' title='bbox 111 2331 144 2356; x_wconf 74' lang='lat' dir='ltr'><strong>c.</strong></span> <span class='ocrx_word' id='word_1_225' title='bbox 172 2331 217 2355; x_wconf 78' lang='grc' dir='ltr'><strong>ιο</strong></span> <span class='ocrx_word' id='word_1_226' title='bbox 246 2319 313 2354; x_wconf 85' lang='lat' dir='ltr'><strong>ubi</strong></span> <span class='ocrx_word' id='word_1_227' title='bbox 342 2320 459 2355; x_wconf 84' lang='lat' dir='ltr'><strong>multa</strong></span> <span class='ocrx_word' id='word_1_228' title='bbox 491 2316 662 2366; x_wconf 73' lang='grc' dir='ltr'><strong>ὄνόμοιτος</strong></span> <span class='ocrx_word' id='word_1_229' title='bbox 692 2319 757 2357; x_wconf 71' lang='grc' dir='ltr'><strong>καὶ</strong></span> 
     </span>
     <span class='ocr_line' id='line_1_31' title="bbox 113 2375 755 2425; baseline 0.005 -15"><span class='ocrx_word' id='word_1_230' title='bbox 113 2375 328 2422; x_wconf 64' lang='grc' dir='ltr'><strong>νομίσματος</strong></span> <span class='ocrx_word' id='word_1_231' title='bbox 339 2378 576 2425; x_wconf 80' lang='lat' dir='ltr'><strong>comparatio,</strong></span> <span class='ocrx_word' id='word_1_232' title='bbox 597 2389 633 2413; x_wconf 86' lang='lat' dir='ltr'><strong>et</strong></span> <span class='ocrx_word' id='word_1_233' title='bbox 656 2391 755 2413; x_wconf 89' lang='lat' dir='ltr'><strong>com-</strong></span> 
     </span>
     <span class='ocr_line' id='line_1_32' title="bbox 112 2431 752 2470; baseline 0.005 -3"><span class='ocrx_word' id='word_1_234' title='bbox 112 2431 223 2467; x_wconf 73' lang='lat' dir='ltr'><strong>mode</strong></span> <span class='ocrx_word' id='word_1_235' title='bbox 260 2431 448 2468; x_wconf 76' lang='lat' dir='ltr'><strong>Fabricius</strong></span> <span class='ocrx_word' id='word_1_236' title='bbox 482 2436 587 2469; x_wconf 73' lang='lat' dir='ltr'><strong>affert</strong></span> <span class='ocrx_word' id='word_1_237' title='bbox 628 2434 752 2470; x_wconf 84' lang='lat' dir='ltr'><strong>locum</strong></span> 
     </span>
     <span class='ocr_line' id='line_1_33' title="bbox 113 2487 755 2529; baseline 0.003 -5"><span class='ocrx_word' id='word_1_238' title='bbox 113 2487 383 2529; x_wconf 73' lang='lat' dir='ltr'><strong>Fortunatiani,</strong></span> <span class='ocrx_word' id='word_1_239' title='bbox 408 2490 566 2526; x_wconf 77' lang='lat' dir='ltr'><strong>rhetoris</strong></span> <span class='ocrx_word' id='word_1_240' title='bbox 589 2492 755 2527; x_wconf 81' lang='lat' dir='ltr'><strong>Pithoea-</strong></span> 
     </span>
     <span class='ocr_line' id='line_1_34' title="bbox 115 2543 755 2592; baseline 0.009 -15"><span class='ocrx_word' id='word_1_241' title='bbox 115 2543 175 2583; x_wconf 83' lang='lat' dir='ltr'><strong>ni,</strong></span> <span class='ocrx_word' id='word_1_242' title='bbox 201 2556 239 2592; x_wconf 81' lang='lat' dir='ltr'><strong>p.</strong></span> <span class='ocrx_word' id='word_1_243' title='bbox 255 2554 304 2587; x_wconf 90' lang='lat'><strong>70</strong></span> <span class='ocrx_word' id='word_1_244' title='bbox 325 2546 483 2585; x_wconf 82' lang='lat' dir='ltr'><strong>„Verbis</strong></span> <span class='ocrx_word' id='word_1_245' title='bbox 504 2548 685 2583; x_wconf 84' lang='lat' dir='ltr'><strong>utendum</strong></span> <span class='ocrx_word' id='word_1_246' title='bbox 707 2549 755 2583; x_wconf 81' lang='lat' dir='ltr'><strong>est</strong></span> 
     </span>
     <span class='ocr_line' id='line_1_35' title="bbox 117 2602 754 2652; baseline 0.011 -19"><span class='ocrx_word' id='word_1_247' title='bbox 117 2609 186 2638; x_wconf 84' lang='lat' dir='ltr'><strong>„ut</strong></span> <span class='ocrx_word' id='word_1_248' title='bbox 214 2602 402 2642; x_wconf 74' lang='lat' dir='ltr'><strong>nummis.</strong></span> <span class='ocrx_word' id='word_1_249' title='bbox 439 2605 584 2652; x_wconf 79' lang='lat' dir='ltr'><strong>publica</strong></span> <span class='ocrx_word' id='word_1_250' title='bbox 612 2616 754 2641; x_wconf 76' lang='lat' dir='ltr'><strong>moneta</strong></span> 
     </span>
     <span class='ocr_line' id='line_1_36' title="bbox 118 2656 328 2706; baseline 0.005 -16"><span class='ocrx_word' id='word_1_251' title='bbox 118 2656 328 2706; x_wconf 54' lang='lat' dir='ltr'><strong>,dignuin⁸</strong></span> 
     </span>
    </p>

    <p class='ocr_par' dir='ltr' id='par_1_5' title="bbox 177 2711 758 2764">
     <span class='ocr_line' id='line_1_37' title="bbox 177 2711 758 2764; baseline 0.009 -17"><span class='ocrx_word' id='word_1_252' title='bbox 177 2722 217 2747; x_wconf 78' lang='lat' dir='ltr'><strong>ut</strong></span> <span class='ocrx_word' id='word_1_253' title='bbox 229 2711 408 2763; x_wconf 76' lang='lat' dir='ltr'><strong>—fimt&#39;le</strong></span> <span class='ocrx_word' id='word_1_254' title='bbox 419 2714 471 2764; x_wconf 77' lang='lat' dir='ltr'><strong>fit</strong></span> <span class='ocrx_word' id='word_1_255' title='bbox 484 2718 758 2764; x_wconf 73' lang='lat' dir='ltr'><strong>—ut-fimi-</strong></span> 
     </span>
    </p>
   </div>
   <div class='ocr_carea' id='block_1_5' title="bbox 122 2763 757 2822">
    <p class='ocr_par' dir='ltr' id='par_1_6' title="bbox 122 2763 757 2822">
     <span class='ocr_line' id='line_1_38' title="bbox 122 2763 757 2822; baseline 0.013 -20"><span class='ocrx_word' id='word_1_256' title='bbox 122 2763 171 2802; x_wconf 73' lang='lat' dir='ltr'><strong>l·</strong></span> <span class='ocrx_word' id='word_1_257' title='bbox 194 2767 280 2819; x_wconf 80' lang='lat' dir='ltr'><strong>fine.</strong></span> <span class='ocrx_word' id='word_1_258' title='bbox 337 2768 425 2807; x_wconf 78' lang='lat' dir='ltr'><strong>Non</strong></span> <span class='ocrx_word' id='word_1_259' title='bbox 458 2773 588 2822; x_wconf 79' lang='lat' dir='ltr'><strong>utique</strong></span> <span class='ocrx_word' id='word_1_260' title='bbox 619 2772 757 2810; x_wconf 72' lang='lat' dir='ltr'><strong>necess&#39;e</strong></span> 
     </span>
    </p>
   </div>
   <div class='ocr_carea' id='block_1_6' title="bbox 809 2150 1458 2770">
    <p class='ocr_par' dir='ltr' id='par_1_7' title="bbox 809 2150 1458 2770">
     <span class='ocr_line' id='line_1_39' title="bbox 811 2150 1453 2202; baseline 0 -16"><span class='ocrx_word' id='word_1_261' title='bbox 811 2151 859 2186; x_wconf 87' lang='lat' dir='ltr'><strong>est</strong></span> <span class='ocrx_word' id='word_1_262' title='bbox 878 2151 1141 2199; x_wconf 82' lang='lat' dir='ltr'><strong>conjunctivos</strong></span> <span class='ocrx_word' id='word_1_263' title='bbox 1160 2150 1268 2186; x_wconf 85' lang='lat' dir='ltr'><strong>hosce</strong></span> <span class='ocrx_word' id='word_1_264' title='bbox 1279 2150 1343 2201; x_wconf 80' lang='lat' dir='ltr'><strong>fic,</strong></span> <span class='ocrx_word' id='word_1_265' title='bbox 1362 2151 1453 2202; x_wconf 77' lang='lat' dir='ltr'><strong>sint.</strong></span> 
     </span>
     <span class='ocr_line' id='line_1_40' title="bbox 810 2208 1452 2258; baseline 0.003 -16"><span class='ocrx_word' id='word_1_266' title='bbox 810 2208 970 2258; x_wconf 81' lang='lat' dir='ltr'><strong>pendere</strong></span> <span class='ocrx_word' id='word_1_267' title='bbox 1009 2209 1053 2244; x_wconf 85' lang='lat' dir='ltr'><strong>ab</strong></span> <span class='ocrx_word' id='word_1_268' title='bbox 1097 2220 1138 2244; x_wconf 81' lang='lat' dir='ltr'><strong>ut</strong></span> <span class='ocrx_word' id='word_1_269' title='bbox 1178 2209 1452 2255; x_wconf 75' lang='lat' dir='ltr'><strong>conjunctione.</strong></span> 
     </span>
     <span class='ocr_line' id='line_1_41' title="bbox 810 2264 1455 2317; baseline 0 -17"><span class='ocrx_word' id='word_1_270' title='bbox 810 2265 930 2300; x_wconf 85' lang='lat' dir='ltr'><strong>Potest</strong></span> <span class='ocrx_word' id='word_1_271' title='bbox 958 2265 1118 2317; x_wconf 73' lang='lat' dir='ltr'><strong>intelligi</strong></span> <span class='ocrx_word' id='word_1_272' title='bbox 1141 2264 1383 2305; x_wconf 81' lang='lat' dir='ltr'><strong>adverbium,</strong></span> <span class='ocrx_word' id='word_1_273' title='bbox 1416 2275 1455 2300; x_wconf 86' lang='lat' dir='ltr'><strong>et</strong></span> 
     </span>
     <span class='ocr_line' id='line_1_42' title="bbox 810 2322 1454 2370; baseline 0.002 -13"><span class='ocrx_word' id='word_1_274' title='bbox 810 2322 1074 2368; x_wconf 80' lang='lat' dir='ltr'><strong>conjunctivus</strong></span> <span class='ocrx_word' id='word_1_275' title='bbox 1103 2322 1218 2370; x_wconf 83' lang='lat' dir='ltr'><strong>accipi</strong></span> <span class='ocrx_word' id='word_1_276' title='bbox 1247 2333 1314 2370; x_wconf 78' lang='lat' dir='ltr'><strong>pro</strong></span> <span class='ocrx_word' id='word_1_277' title='bbox 1339 2322 1454 2358; x_wconf 88' lang='lat' dir='ltr'>modo</span> 
     </span>
     <span class='ocr_line' id='line_1_43' title="bbox 809 2373 1454 2427; baseline 0.002 -14"><span class='ocrx_word' id='word_1_278' title='bbox 809 2378 1027 2427; x_wconf 81' lang='lat' dir='ltr'><strong>potentiali,</strong></span> <span class='ocrx_word' id='word_1_279' title='bbox 1069 2379 1262 2427; x_wconf 79' lang='lat' dir='ltr'><strong>optativo,</strong></span> <span class='ocrx_word' id='word_1_280' title='bbox 1310 2378 1361 2421; x_wconf 65' lang='grc' dir='ltr'><strong>εἰῇ</strong></span> <span class='ocrx_word' id='word_1_281' title='bbox 1398 2373 1454 2414; x_wconf 77' lang='lat' dir='ltr'><strong>o’t&#39;v.</strong></span> 
     </span>
     <span class='ocr_line' id='line_1_44' title="bbox 810 2435 1454 2483; baseline 0 -13"><span class='ocrx_word' id='word_1_282' title='bbox 810 2438 984 2471; x_wconf 84' lang='lat' dir='ltr'><strong>Attamen</strong></span> <span class='ocrx_word' id='word_1_283' title='bbox 1005 2435 1200 2470; x_wconf 74' lang='lat' dir='ltr'><strong>meliorem</strong></span> <span class='ocrx_word' id='word_1_284' title='bbox 1223 2445 1316 2483; x_wconf 76' lang='lat' dir='ltr'><strong>puto</strong></span> <span class='ocrx_word' id='word_1_285' title='bbox 1345 2436 1454 2470; x_wconf 77' lang='lat' dir='ltr'><strong>ratio-</strong></span> 
     </span>
     <span class='ocr_line' id='line_1_45' title="bbox 809 2492 1451 2538; baseline 0.002 -13"><span class='ocrx_word' id='word_1_286' title='bbox 809 2505 894 2527; x_wconf 85' lang='lat' dir='ltr'><strong>nem</strong></span> <span class='ocrx_word' id='word_1_287' title='bbox 924 2492 1107 2527; x_wconf 81' lang='lat' dir='ltr'><strong>referendi</strong></span> <span class='ocrx_word' id='word_1_288' title='bbox 1130 2493 1388 2538; x_wconf 77' lang='lat' dir='ltr'><strong>conjunctivus</strong></span> <span class='ocrx_word' id='word_1_289' title='bbox 1408 2493 1451 2527; x_wconf 77' lang='lat' dir='ltr'><strong>ad</strong></span> 
     </span>
     <span class='ocr_line' id='line_1_46' title="bbox 810 2547 1453 2599; baseline 0.002 -16"><span class='ocrx_word' id='word_1_290' title='bbox 810 2559 869 2586; x_wconf 78' lang='lat' dir='ltr'><strong>ut,</strong></span> <span class='ocrx_word' id='word_1_291' title='bbox 900 2547 965 2583; x_wconf 80' lang='lat' dir='ltr'><strong>ubi</strong></span> <span class='ocrx_word' id='word_1_292' title='bbox 985 2548 1215 2599; x_wconf 79' lang='lat' dir='ltr'><strong>intelligetur</strong></span> <span class='ocrx_word' id='word_1_293' title='bbox 1235 2560 1318 2583; x_wconf 81' lang='lat' dir='ltr'><strong>ante</strong></span> <span class='ocrx_word' id='word_1_294' title='bbox 1337 2549 1429 2583; x_wconf 84' lang='lat' dir='ltr'><strong>illud</strong></span> <span class='ocrx_word' id='word_1_295' title='bbox 1439 2563 1453 2584; x_wconf 70' lang='grc' dir='ltr'><strong>-ε</strong></span> 
     </span>
     <span class='ocr_line' id='line_1_47' title="bbox 809 2604 1456 2653; baseline 0 -13"><span class='ocrx_word' id='word_1_296' title='bbox 809 2608 872 2640; x_wconf 82' lang='lat' dir='ltr'><strong>ita.</strong></span> <span class='ocrx_word' id='word_1_297' title='bbox 925 2604 1106 2653; x_wconf 81' lang='lat' dir='ltr'><strong>Displicet</strong></span> <span class='ocrx_word' id='word_1_298' title='bbox 1133 2606 1172 2639; x_wconf 86' lang='lat' dir='ltr'><strong>in</strong></span> <span class='ocrx_word' id='word_1_299' title='bbox 1197 2604 1369 2641; x_wconf 82' lang='lat' dir='ltr'><strong>hocloco</strong></span> <span class='ocrx_word' id='word_1_300' title='bbox 1391 2607 1456 2641; x_wconf 78' lang='lat' dir='ltr'><strong>do-</strong></span> 
     </span>
     <span class='ocr_line' id='line_1_48' title="bbox 811 2660 1455 2712; baseline 0.003 -16"><span class='ocrx_word' id='word_1_301' title='bbox 811 2675 888 2696; x_wconf 82' lang='lat' dir='ltr'><strong>mus</strong></span> <span class='ocrx_word' id='word_1_302' title='bbox 911 2660 990 2709; x_wconf 79' lang='lat' dir='ltr'><strong>post</strong></span> <span class='ocrx_word' id='word_1_303' title='bbox 1015 2660 1151 2712; x_wconf 71' lang='lat' dir='ltr'><strong>fimili&#39;a</strong></span> <span class='ocrx_word' id='word_1_304' title='bbox 1171 2660 1268 2711; x_wconf 76' lang='lat' dir='ltr'><strong>fine,</strong></span> <span class='ocrx_word' id='word_1_305' title='bbox 1298 2675 1382 2697; x_wconf 90' lang='lat' dir='ltr'><strong>cum</strong></span> <span class='ocrx_word' id='word_1_306' title='bbox 1408 2662 1455 2698; x_wconf 82' lang='lat' dir='ltr'><strong>de</strong></span> 
     </span>
     <span class='ocr_line' id='line_1_49' title="bbox 812 2718 1458 2770; baseline 0.006 -19"><span class='ocrx_word' id='word_1_307' title='bbox 812 2730 856 2752; x_wconf 88' lang='lat' dir='ltr'><strong>eo</strong></span> <span class='ocrx_word' id='word_1_308' title='bbox 889 2718 969 2766; x_wconf 81' lang='lat' dir='ltr'><strong>ipso</strong></span> <span class='ocrx_word' id='word_1_309' title='bbox 1000 2728 1219 2766; x_wconf 80' lang='lat' dir='ltr'><strong>quaeratur,</strong></span> <span class='ocrx_word' id='word_1_310' title='bbox 1251 2729 1294 2754; x_wconf 86' lang='lat' dir='ltr'><strong>ut</strong></span> <span class='ocrx_word' id='word_1_311' title='bbox 1318 2718 1458 2770; x_wconf 76' lang='lat' dir='ltr'><strong>fimilia</strong></span> 
     </span>
    </p>
   </div>
   <div class='ocr_carea' id='block_1_7' title="bbox 813 2773 1457 2815">
    <p class='ocr_par' dir='ltr' id='par_1_8' title="bbox 813 2773 1457 2815">
     <span class='ocr_line' id='line_1_50' title="bbox 813 2773 1457 2815; baseline 0 -4"><span class='ocrx_word' id='word_1_312' title='bbox 813 2773 887 2811; x_wconf 79' lang='lat' dir='ltr'><strong>[ola</strong></span> <span class='ocrx_word' id='word_1_313' title='bbox 916 2775 1006 2814; x_wconf 80' lang='lat' dir='ltr'><strong>snit.</strong></span> <span class='ocrx_word' id='word_1_314' title='bbox 1041 2789 1152 2815; x_wconf 73' lang='lat' dir='ltr'><strong>anus.</strong></span> <span class='ocrx_word' id='word_1_315' title='bbox 1190 2790 1325 2813; x_wconf 74' lang='lat' dir='ltr'><strong>manus.</strong></span> <span class='ocrx_word' id='word_1_316' title='bbox 1386 2775 1457 2812; x_wconf 78' lang='lat' dir='ltr'><strong>Sed</strong></span> 
     </span>
    </p>
   </div>
  </div>
 </body>
</html>
