1656 2990
543 184 1004 234 PRAEFATIO.
1291 199 1446 231 xxvix

99 330 307 368 norum
352 313 452 364 alia
492 311 565 363 est
609 310 864 363 conditio.
983 310 1126 360 Haec
1176 309 1450 369 hactenuS,

101 422 281 472 neque
319 404 511 456 excuso
554 403 889 470 diligentiam
931 402 991 450 in
1032 399 1303 468 scriptoris
1341 403 1452 451 mei

101 498 325 547 nomine
375 490 746 546 constituendo
795 489 1003 542 fortass'e
1050 509 1166 542 non
1214 494 1451 542 nimiam.

105 586 335 656 Quando
372 597 550 636 autem
584 583 755 634 sermo
783 582 976 632 incidit
1007 582 1074 633 de
1108 600 1298 634 norma
1331 582 1456 632 scri-

104 676 299 736 bendi,
353 694 515 743 quam
559 675 873 744 ὀρθογξοιφίαν
911 674 1166 734 dicimus,
1234 673 1455 724 videtur

104 769 287 834 paucis
332 766 657 818 ostendenda
695 776 749 815 et
788 763 1111 815 vindicanda
1144 782 1228 824 ea,
1291 782 1453 830 quam

106 855 218 923 ipse
240 859 299 906 in
319 858 424 908 hoc
443 875 604 923 opere
627 855 851 922 expreffi.
932 855 1222 921 Apparebit
1240 857 1456 906 unicui-

104 963 216 1011 que
245 945 575 1013 inspicienti,
613 950 701 996 me
725 946 1192 1012 pronunciationis
1221 957 1273 994 et
1299 963 1460 996 voca-

104 1035 269 1087 litatis
291 1039 548 1100 majorem
583 1053 767 1086 curam
795 1032 1032 1084 habuiffe
1063 1052 1226 1100 quam
1251 1048 1460 1102 etymo-

105 1143 246 1177 rum.
348 1129 478 1190 Ejus
530 1126 760 1176 instituti
807 1123 1198 1184 defensionem,
1253 1137 1461 1192 praeter

108 1218 475 1268 auctoritatem
499 1217 767 1269 Codicum
795 1218 1183 1284 plerorumque
1222 1218 1315 1279 (in
1341 1218 1463 1280 qui-

109 1307 212 1358 bus
241 1325 361 1359 raro
392 1307 692 1374 quidquam
712 1307 881 1358 [imile
903 1308 1147 1358 invenias
1167 1306 1468 1357 hodiernae·

109 1398 360 1448 virorum
385 1398 672 1450 doctorum
698 1398 1006 1466 diligentiae
1034 1394 1270 1470 adscribo
1306 1399 1463 1447 adcu-

114 1499 255 1549 rate,
303 1489 490 1540 idcirco
525 1489 903 1556 usurpantium
915 1487 955 1554 )'
989 1489 1267 1554 multaque
1308 1506 1465 1554 argu-

111 1589 290 1628 menta
318 1596 455 1644 quae
476 1579 923 1647 persequi-hujus
956 1597 1072 1628 non
1100 1578 1173 1628 eft
1200 1579 1338 1637 Loci,
1375 1596 1466 1644 pa-

112 1679 278 1718 ratam
313 1670 452 1719 mihi
491 1669 735 1721 existimo
776 1671 838 1719 in
879 1668 1072 1735 ipfius,
1143 1686 1308 1735 quem
1346 1668 1467 1727 edo,

114 1758 382 1825 scriptoris
412 1760 669 1810 doctrina.
750 1764 873 1829 Quo
907 1761 968 1808 in
996 1776 1188 1825 genere
1214 1760 1280 1809 ad
1303 1761 1467 1827 primi

115 1850 246 1899 libri
284 1859 450 1916 caput
476 1848 766 1917 septimum
802 1850 1060 1899 lectorem
1087 1852 1288 1900 iterum
1327 1851 1469 1899 able-

117 1958 212 2006 go3
262 1957 372 2005 quo
404 1938 531 1991 sunt
564 1938 886 1989 conferenda
919 1941 1077 1989 etiam
1106 1957 1165 2005 ea
1193 1958 1328 2006 quae
1363 1940 1470 1990 dis-

119 2039 377 2096 putantur
399 2047 452 2090 9,
491 2036 546 2092 4,
585 2034 658 2087 56
683 2027 823 2094 seqq.
865 2030 995 2077 item
1027 2047 1110 2089 11,
1150 2044 1202 2088 5,
1246 2036 1333 2095 54.
1379 2044 1466 2090 55.

122 2136 429 2186 quanquam
457 2118 568 2188 istis
600 2120 733 2169 locis
759 2121 1268 2184 pronunciationem
1304 2123 1471 2187 magis

122 2220 333 2268 tractat,
394 2225 624 2273 quacum
663 2220 840 2258 tamen
879 2209 1348 2271 conjunctiffimam
1379 2212 1471 2262 d‘e-

122 2298 379 2351 monstrat
404 2297 718 2366 scripturam
747 2317 793 2358 1,
837 2315 897 2361 7,
941 2313 1026 2356 50.
1084 2298 1148 2349 cf.
1183 2317 1283 2350 nos
1319 2301 1386 2350 ad
1419 2315 1470 2361 5,

127 2405 180 2451 ὃ,
225 2396 308 2441 16.
386 2388 558 2440 Video
591 2406 781 2455 magna
810 2407 874 2437 ex
897 2400 1044 2456 parte
1075 2390 1277 2440 obstare
1307 2391 1470 2442 sectae

125 2479 332 2532 nostrae
362 2481 729 2531 auctoritatem
759 2490 812 2528 et
839 2481 1144 2547 exemplum
1184 2482 1347 2548 ipsius
1385 2484 1475 2534 Ci-

130 2572 362 2631 ceronis,
424 2574 577 2633 cujus
614 2581 792 2620 tamen
841 2586 1137 2621 caussAm
1175 2572 1308 2623 adeo
1347 2574 1473 2623 reli·

133 2659 274 2728 giose
316 2660 586 2712 vindicari
622 2662 793 2713 miror
833 2676 958 2712 cum
996 2677 1260 2717 ni-v1ss1
1277 2682 1310 2714 ο
1350 2665 1477 2727 reji-
