1656 2990
492 180 949 227 PRAEFATIO.
1274 187 1401 228 Lvl'i

136 321 201 354 ex
229 303 466 355 editione
497 307 624 355 anni
653 318 825 366 1523,
868 309 905 355 Ι.
930 303 1054 354 Bad.
1076 302 1185 355 Asc.
1210 304 1409 373 depro*

132 412 307 455 mere3
349 395 441 444 etsi
468 414 537 445 ne
557 397 694 445 hanc
717 396 941 461 quidem
965 412 996 443 a
1018 393 1402 464 sepusurpatam

139 484 368 536 testatur.
459 485 571 552 Ipse
606 498 784 537 autem
813 489 871 537 in
901 487 1088 554 primis
1119 485 1405 553 diligenter

137 592 254 624 eam
287 577 517 636 contuli,
553 595 677 627 cum
707 588 759 626 et
792 575 1049 629 Codicem
1080 586 1309 643 „quem“
1344 587 1408 627 ut

137 665 211 714 est
246 669 306 716 in
341 668 500 717 titulo
541 669 893 725 „Laurentius
925 666 1175 718 'Vallenfis
1208 678 1261 716 et
1287 665 1408 734 pos-

142 754 353 814 „sediffe
398 768 451 806 et
495 756 785 807 emendasse
834 759 1040 825 magnis
1085 760 1409 824 argumentis

138 848 544 905 „convincitur“
582 847 989 914 repraesentaret
1015 846 1150 908 sola,
1186 859 1240 897 et
1265 849 1410 897 mul-

126 945 207 986 tas
241 935 576 985 eruditiffimi'
599 937 817 986 editoris
848 940 1078 1004 optimae
1113 936 1284 1004 frugis
1308 957 1408 988 no-

135 1035 212 1074 tas
250 1026 559 1084 continere-t,
596 1044 774 1093 neque
806 1028 870 1077 ab
902 1028 1021 1078 ullo
1057 1044 1266 1086 eorum,
1308 1029 1407 1093 qui

132 1113 404 1164 noviffime
431 1118 491 1165 in
525 1118 861 1186 Quintiliano
898 1118 1141 1186 occupati
1167 1115 1406 1177 fuerunt,

127 1203 429 1256 <constanter
461 1204 584 1256 effet
627 1207 876 1259 consulta.

7 1347 10 1351 ’
59 1340 278 1392 Ibidem.
324 1343 404 1394 M.
427 1345 577 1394 Fabii
610 1346 932 1416 Quintiliani
952 1347 1288 1414 grammatica
1314 1345 1407 1395 ad-

4 1427 7 1429 *
127 1433 361 1484 modum
400 1435 578 1486 brevis
614 1447 666 1485 et
703 1436 933 1486 studiose
970 1437 1107 1503 pubi
1143 1452 1405 1502 perquam

135 1525 300 1574 utilis.
341 1530 392 1591 4.
458 1526 812 1576 Venundatur
838 1530 898 1576 in
928 1528 1054 1577 vico
1086 1524 1202 1575 divi
1228 1526 1406 1575 Iacobi

102 1640 105 1643 ·
135 1613 203 1663 ad
228 1613 432 1682 iignum
461 1618 659 1666 Leonis
689 1618 923 1682 argentei
957 1615 991 1665 s.
1028 1618 1061 1665 l.
1100 1627 1152 1665 et
1180 1633 1221 1665 a.
1303 1615 1407 1665 Sed

133 1702 219 1753 his
249 1707 479 1755 maxime
511 1708 844 1772 temporibus
879 1707 1097 1756 videtur
1134 1704 1407 1755 accensen-

137 1791 239 1843 dus
275 1794 413 1844 liber
458 1813 559 1867 pro
599 1806 856 1862 typorum
900 1796 1118 1846 ratione.
1219 1797 1404 1847 Conti-

132 1893 226 1932 net
258 1885 421 1950 primi
456 1889 556 1954 Qu.
590 1886 717 1934 libri
754 1886 940 1951 Capita
962 1891 1078 1946 4-
1096 1901 1147 1946 9.
1193 1884 1407 1951 Insigni,

135 1973 286 2036 quod
314 1975 502 2024 titulus
542 1971 794 2040 praefert,
849 1974 1178 2041 insculptum
1208 1974 1282 2024 est
1307 1992 1407 2025 no-

135 2077 287 2111 men:
327 2066 382 2111 P.
408 2065 566 2112 Viart.
623 2066 784 2114 Meus
809 2063 881 2112 est
905 2066 1135 2115 libellus.
1194 2067 1408 2116 Memo-

139 2161 220 2199 rat
249 2152 482 2202 eundem
513 2157 636 2203 Ern.
667 2156 728 2204 in
762 2155 891 2204 bibl.
931 2157 1078 2205 Fabr.
1118 2157 1204 2205 lat.
1257 2161 1318 2206 T.
1356 2171 1403 2206 2.

133 2258 184 2308 p.
218 2247 342 2301 265.
382 2245 599 2311 Not.-p.

62 2373 279 2429 Ibidem.
321 2378 576 2434 „Secunda
592 2380 630 2427 Ι.
650 2377 801 2427 Badii
821 2377 1048 2428 Ascenfii
1073 2377 1239 2428 editio
1262 2379 1408 2427 Anni

143 2479 205 2524 15
220 2483 300 2527 19.
343 2470 397 2516 F.
475 2463 714 2518 Mirifice
731 2486 791 2516 ea
814 2468 1062 2518 recedens
1091 2487 1120 2518 a
1144 2470 1315 2535 priori
1338 2469 1404 2516 il-

139 2556 204 2613 la,
244 2573 406 2621 quam
434 2557 600 2608 modo
637 2557 1014 2618 recensuimus,
1054 2570 1107 2607 et
1131 2557 1251 2607 fere
1278 2575 1405 2608 con-

142 2644 365 2698 sentiens
415 2665 540 2698 cum
590 2650 1003 2709 recentioribuS,
1079 2658 1142 2699 ut
1176 2646 1408 2697 subinde
