1656 2990
302 179 466 225 INST.
504 179 783 227 ORATOR.
818 179 939 225 Lm.
973 178 1071 236 111,
1109 182 1156 223 6.
1299 190 1396 233 511

54 300 361 371 fignificari,
422 305 588 371 magis
625 321 689 352 ex
722 303 832 362 his,
904 319 1039 370 quae
1084 301 1400 368 sequuntur,

57 399 220 447 quam
251 398 314 430 ex
348 381 462 448 ipso
491 383 712 431 nomine
746 392 956 447 apparet
967 400 981 440 3
1037 382 1396 439 ὁποιλλοοκτικήν·

57 475 118 507 ea
135 457 315 530 finitio
348 459 446 518 est,
494 459 791 508 mutatione
822 460 970 507 enim·
999 459 1234 507 nominis
1273 475 1401 507 con-

57 534 176 596 stat3
220 536 595 602 juridicialem,
642 535 826 584 eadem
860 536 1213 601 appellatione
1244 538 1402 590 Grae-

59 630 142 671 ca,
204 631 309 679 qua
343 615 528 672 ceteri,
587 612 725 663 usus.
843 614 987 679 Nam
1017 611 1116 671 eft,
1176 623 1238 661 ut
1273 612 1402 670 dixi,

57 691 227 740 multa
261 692 320 739 in
357 690 670 740 nominibus
714 686 1026 739 differentia.
1134 691 1270 738 Sunt
1306 690 1467 755 qui48

57 769 408 825 ὑπαλλακτικῆν
443 768 828 817 translationem
858 765 955 815 effe
976 766 1290 825 existiment,
1330 765 1407 814 se-

13 842 15 844 ’
58 846 171 895 cuti
206 845 344 894 lianc
373 846 684 895 mutationis
716 843 1159 911 significationem.
1250 842 1407 893 Fece-

58 933 189 973 runt
217 923 309 971 alii
349 923 574 972 totidem
605 921 790 980 status,
844 921 936 970 sed
969 923 1128 979 alios,
1178 923 1274 973 An
1293 918 1408 993 sit?

62 1001 209 1074 Quid
224 997 339 1072 fit?
383 998 555 1074 Quale
570 996 688 1072 fit?
739 1001 1002 1074 Quantum
1018 996 1133 1071 fit?
1181 1010 1243 1049 ut
1272 1001 1402 1049 Cae-

59 1079 215 1127 cilius
236 1087 287 1126 et
308 1077 514 1127 Theon.

594 1076 896 1126 Aristoteles
928 1077 988 1125 in
1018 1078 1298 1128 rhetoricis
1333 1086 1464 1134 ‹et-49

143 1221 254 1258 Nam.
313 1219 439 1257 Guelf.
468 1233 552 1260 non,
575 1218 672 1255 male
691 1219 791 1266 (vid.
811 1231 891 1256 not.
912 1223 990 1266 ex.)
1020 1231 1056 1256 et
1079 1220 1190 1257 solus.

59 1345 136 1382 iam
154 1337 441 1398 pervulgatum)
472 1340 713 1396 ὖπερσυντελι-

61 1399 124 1439 κός
136 1403 195 1443 est,
226 1403 328 1451 quod
340 1402 486 1438 Latinis
507 1404 712 1452 plusquam-

61 1457 274 1508 perfectum.
303 1461 469 1507 Apparet
491 1456 616 1494 στάσιν
637 1471 712 1495 συν-

23 1532 25 1534 ·
62 1511 209 1556 τελικῆν
237 1514 306 1550 effe
328 1515 374 1549 de
398 1514 510 1550 rebus
537 1515 711 1564 praeteri-

63 1573 124 1611 tis,
151 1573 228 1620 jam
249 1571 511 1607 consummatis
525 1596 535 1611 ‚
565 1572 632 1619 qui
652 1572 709 1606 in·

62 1627 232 1663 tellectus
253 1627 302 1662 est
330 1627 370 1662 in
389 1630 594 1673 conjectura
617 1641 710 1676 quo-

61 1689 148 1734 que,
176 1683 240 1720 vel
260 1683 353 1719 statu
376 1684 488 1733 facti.
530 1685 575 1719 cf.
601 1684 633 1729 ᾗ.
656 1691 708 1732 40

63 1750 102 1776 et
125 1752 163 1789 9,
194 1753 229 1780 1,
256 1747 295 1786 8.
335 1742 396 1777 De
408 1740 600 1777 Athenaeo
620 1741 710 1777 vide

66 1805 104 1837 2⁴,
138 1805 198 1841 15,
230 1806 297 1840 23.

117 1854 365 1904 appellatione
398 1851 553 1889 Graeca.
598 1852 646 1888 cf.
674 1852 708 1898 ᾗ.

28 1990 32 1995 ·
125 1965 221 2000 Nam
247 1984 305 1992 —-
341 1975 382 1999 ut
415 1964 508 2000 dixi.
564 1965 644 2001 vid.
676 1965 709 2010 ᾗ.

68 2030 134 2057 22.
182 2022 280 2056 Nam
307 2030 430 2055 autem
458 2021 607 2069 respicit
634 2022 713 2070 sup-

67 2077 220 2127 pressam
234 2077 461 2116 sententiam,
481 2089 574 2126 quae
584 2077 650 2124 huj
657 2090 714 2113 us-

67 2133 173 2168 modi
209 2133 287 2168 fere
321 2133 458 2168 suerit:
506 2134 711 2173 „Poteratis

63 2189 244 2238 ',‚quidem
275 2199 468 2238 expectare
497 2199 535 2224 et
566 2190 607 2224 in
639 2190 712 2225 hoc

59 2246 304 2292 ·„juridiciala·s
320 2244 444 2294 status
473 2247 626 2281 nomine
647 2246 714 2281 ati-

56 2302 186 2351 ‚',',·quid
204 2312 388 2337 nov-atum
408 2302 516 2337 fuiss'e
536 2303 580 2338 ab
599 2303 715 2338 Athe-

70 2371 185 2398 „naeo
197 2383 209 2398 ,
237 2368 282 2393 ut
300 2359 438 2394 necesse
456 2359 713 2394 effefmonere

64 2414 228 2455 ·,‚diserte
258 2415 340 2462 ejus
369 2428 455 2450 cum
477 2415 607 2451 ceteiis
629 2429 714 2451 con-

27 2479 30 2480 ’
70 2472 275 2510 „sensum.“

35 2522 41 2529 “
67 2534 70 2536 “
134 2528 270 2564 Theon.
299 2528 425 2574 Hujus
444 2527 610 2563 nominis
636 2540 715 2562 non

57 2592 207 2633 ¹paucos
238 2595 323 2618 cum
358 2585 538 2619 recenseat
570 2583 714 2623 Suidas,

72 2650 150 2674 non
173 2637 351 2675 abhorret
379 2653 399 2673 a
422 2640 714 2675 verisimilitudi-

71 2706 130 2736 ne,
161 2695 320 2730 eundem
334 2696 402 2730 effe
423 2692 528 2742 cusiis
549 2697 713 2731 doctrina

69 2751 431 2801 'progymnasmatum
463 2762 617 2787 aetatem
657 2763 714 2788 tu-

766 1344 825 1381 lit.
892 1347 928 1380 Is
956 1344 1085 1382 Aelius
1114 1346 1190 1381 fuit
1223 1345 1415 1396 cognomi-

765 1411 894 1441 natus,
963 1413 1072 1453 gente
1122 1402 1413 1438 Alexandrinus.

765 1459 865 1495 Nam
899 1468 943 1493 ut
967 1459 1185 1494 inferiorem
1206 1461 1437 1510 Hermoge-·

765 1515 823 1549 nis
855 1523 893 1549 et
924 1514 1137 1562 Aphthonii
1178 1515 1414 1563 temporibus

766 1570 876 1606 facias
905 1583 992 1605 cum
1020 1572 1191 1606 Fabricio
1221 1573 1266 1609 B.
1303 1571 1348 1607 G.
1373 1577 1415 1618 4,

766 1632 862 1674 451,
904 1626 1037 1662 idonea
1079 1629 1180 1664 causa
1217 1627 1320 1662 nulla
1352 1627 1415 1662 est.

765 1685 969 1732 Supremus
998 1684 1098 1718 enim
1134 1697 1289 1724 eorum,
1318 1695 1416 1731 quos
1488 1709 1489 1713 ,

765 1739 914 1779 laudat,
963 1741 1184 1789 scriptorum
1216 1742 1263 1775 est
1290 1740 1416 1775 Theo-

768 1796 882 1831 dorus
895 1797 1119 1832 Gadarenus.
1158 1797 1318 1845 Scripsit,
1333 1809 1416 1831 nar-

765 1862 871 1887 rante
917 1853 1048 1892 Suida,
1106 1864 1252 1902 praeter
1290 1853 1415 1892 illum.

766 1922 879 1957 quem
900 1910 1105 1944 etiamnum
1126 1911 1326 1948 versamus,
1346 1909 1417 1944 ele-

768 1975 919 2016 gantem
951 1967 1032 2001 fane
1061 1966 1225 2005 librum,
1271 1965 1417 2013 aliaque

768 2022 871 2056 varia
884 2047 894 2061 ‚
923 2023 1048 2058 Artem
1070 2026 1187 2067 (cave
1209 2023 1307 2057 enim
1330 2034 1418 2056 cum

768 2077 939 2113 Fabricio
957 2077 981 2112 l.
1004 2091 1033 2113 c.
1058 2078 1192 2130 jungas
1213 2079 1343 2124 τέχνην
1360 2092 1419 2113 πε-

765 2132 805 2184 ρὶ
820 2133 1170 2184 προγυμνασμοίτων)
1190 2136 1229 2169 in
1251 2148 1323 2182 qua
1335 2135 1419 2174 hoc,

769 2192 871 2238 quod
896 2193 1015 2242 tangit
1036 2195 1108 2239 Qu.
1124 2218 1133 2231 ,
1168 2191 1357 2226 tradidiffe
1371 2191 1420 2226 est

768 2247 969 2295 putandus.
1018 2249 1079 2283 De
1111 2249 1267 2284 Caecilio
1300 2248 1346 2283 ef.
1381 2257 1420 2291 5.

773 2316 809 2344 ι,
844 2303 905 2338 16.

826 2359 1040 2408 Aristoteles
1079 2380 1134 2387 —
1179 2360 1422 2410 quaerendum

770 2426 888 2464 putet.
949 2417 1074 2450 Locus
1114 2427 1286 2451 vexatus.
1345 2417 1424 2455 Vix

771 2473 869 2506 enim
884 2471 1056 2510 ostendam,
1085 2471 1152 2506 ubi
1171 2473 1260 2508 haec
1280 2473 1320 2507 in
1341 2473 1426 2507 rhe-

771 2529 901 2563 toricis
925 2528 1043 2562 tradat
1053 2529 1279 2564 Aristoteles.
1312 2530 1423 2577 Quod

770 2586 797 2619 fi
832 2583 938 2619 tollas
973 2597 1066 2632 quae
1095 2584 1226 2619 absunt
1254 2600 1273 2620 a
1301 2585 1422 2621 tribus

772 2640 890 2676 Codd.
914 2640 1012 2686 (vid.
1034 2651 1115 2676 not.
1131 2642 1242 2686 Crit.)
1264 2644 1315 2677 ita
1336 2655 1422 2677 con-

772 2698 919 2732 tinuans
951 2697 1181 2733 orationem:
1223 2699 1420 2738 „Aristote-

770 2752 847 2793 ,λος
880 2744 919 2788 ixi
951 2752 1148 2788 rhetoricis
1187 2758 1245 2791 An
1281 2758 1323 2789 fit
1362 2775 1417 2782 m
