1656 2990
300 189 462 235 INST.
501 187 780 237 ORATOR.
823 187 944 233 Lm.
981 167 1162 243 msa.
1304 185 1399 229 602

65 314 317 366 idoneam
357 316 584 366 maxime
615 315 680 364 ad.
709 313 1047 364 scribendum
1082 307 1407 381 demonstra?

66 397 258 452 ciream,
306 395 709 460 proximamque
738 393 801 440 ab
829 409 887 440 ea
918 389 1216 456 judicialem
1246 398 1402 455 puta-

67 472 147 519 vit
159 477 178 519 ε’
238 471 489 520 videlicet
522 471 775 535 quoniam
810 470 959 534 prior
997 469 1088 517 illa
1125 477 1234 517 tota
1280 462 1403 514 effet

68 546 453 607 ostentationi53
494 548 622 596 haec
649 545 876 595 secunda
912 556 1086 611 egeret
1119 545 1268 602 artis,
1311 541 1404 591 vel

6 612 135 677 {fiad
155 623 449 673 fallendum
465 662 479 682 ‚
518 624 552 672 fi
576 626 645 673 ita
672 621 979 690 poposcisset
1003 623 1229 680 utilitas;
1278 636 1405 669 con-
1455 655 1484 688 ᾗ

66 699 178 749 filia
214 699 319 750 fide
360 701 748 767 prudentiaque
792 699 1100 750 constarent.
1193 697 1469 767 Quibu564

7 836 10 841 Δ
64 777 125 826 in
169 777 581 828 demonstrativa
617 777 914 837 consenti03
979 795 1103 827 nam
1136 787 1190 825 et
1221 789 1407 825 omnes

66 855 158 902 alii
197 853 474 921 [criptores
508 855 653 904 idem
681 855 1043 905 tradiderunt:
1092 856 1151 903 in
1193 851 1410 913 judiciis

65 942 245 980 autem
302 932 642 999 consiliisque
692 932 985 982 secundum
1040 931 1410 981 conditionem

62 1006 250 1074 ipsius,
302 1027 437 1075 quae
475 1011 811 1068 tractabitur,
853 1011 959 1069 rei,
989 1005 1412 1058 ‘accommodan-

64 1085 189 1134 dam
216 1086 432 1135 dicendi
472 1087 630 1137 credo
661 1090 938 1137 rationem.
1018 1088 1163 1135 Nam
1197 1093 1249 1131 et
1283 1081 1475 1132 Phi-65

0 1194 9 1201 -
63 1162 286 1228 lippicas
311 1163 685 1214 Demosthenis
717 1165 934 1222 iisdem,
973 1163 1171 1228 quibus
1207 1160 1410 1209 habitas

62 1254 123 1288 m
149 1239 363 1301 judiciis
394 1242 682 1298 orationes,
735 1241 895 1290 video
931 1242 1166 1288 eminere
1195 1237 1413 1285 virtuti-

62 1315 190 1366 bus:
230 1327 282 1365 et
302 1318 574 1366 Ciceronis
590 1316 890 1382 *sententiae
914 1327 965 1365 et
988 1316 1273 1366 conciones
1297 1329 1413 1361 non

63 1394 246 1442 minus
268 1393 503 1451 clarum,
542 1411 703 1458 quam
728 1393 801 1442 est
827 1396 884 1442 in
911 1391 1331 1442 accusationibus
1355 1406 1414 1437 ac

67 1467 491 1528 defenfionibus,
531 1470 866 1535 eloquentiae
897 1471 1084 1519 lumen
1108 1467 1412 1518 ostendunt.

153 1669 212 1704 eg.
242 1657 342 1691 arcis.
402 1655 529 1691 Turio.
559 1669 590 1691 e.
614 1656 751 1691 artibus
779 1668 865 1690 cum
884 1655 985 1691 Alm.
1007 1655 1109 1703 quod
1129 1655 1264 1706 probat
1281 1657 1415 1691 Burm-

69 1709 179 1746 allato
199 1713 220 1750 J
225 1711 334 1746 ustini
354 1711 436 1747 loco
466 1724 503 1759 9,
534 1718 571 1758 8.
605 1712 742 1747 artibus
764 1713 858 1747 bella
882 1713 1075 1748 tractabat.
1135 1711 1269 1748 Facilis
1291 1721 1416 1746 tamen

68 1777 147 1802 erat
167 1779 284 1803 error.
338 1768 502 1803 Eandem
523 1768 653 1816 egendi
673 1768 893 1803 structuram
915 1768 1026 1803 habes
1048 1779 1084 1808 2,
1121 1768 1182 1809 16,
1218 1777 1280 1812 13.

154 1824 212 1859 vel
249 1824 300 1859 ad
325 1823 418 1873 fall.
478 1823 603 1860 Guelf.
643 1839 677 1860 υ.
708 1824 804 1874 quod
831 1839 865 1860 a.
891 1823 925 1873 f.
969 1837 1057 1861 cum
1086 1825 1231 1874 aliquot
1260 1824 1343 1860 edd.
1371 1833 1417 1860 ut

68 1879 164 1916 meis
192 1881 269 1916 Bas.
299 1880 470 1929 Gryph„
510 1879 617 1915 male.

154 1937 502 1972 accommodandam.
558 1936 684 1972 Turio.
716 1936 1053 1972 accommodandum
1097 1949 1183 1972 curn
1210 1934 1312 1973 Alm.
1335 1934 1416 1973 'sed

70 2003 93 2028 a
116 1991 271 2028 recu‘nda
298 2005 412 2028 manu
438 1993 502 2028 ille
532 1992 643 2028 habet
669 2002 865 2041 receptam.

157 2049 262 2085 cr'edo
299 2052 486 2087 rationem.
546 2052 602 2084 Ita
636 2048 753 2084 Codd.
795 2049 871 2083 mei
905 2057 941 2082 et
979 2047 1077 2086 Vall.
1117 2049 1213 2095 (ref.
1257 2049 1414 2094 Badio).

71 2105 175 2144 'Vett-
197 2103 341 2152 aliquot
361 2105 442 2141 edd.
462 2115 544 2140 ante
557 2107 646 2141 Loc.
661 2102 736 2153 quo
758 2117 829 2139 acc.
842 2103 926 2139 Ald.
948 2114 1022 2139 utr.
1046 2120 1074 2140 c.
1097 2108 1294 2141 orationem
1314 2105 1417 2154 quod

71 2161 238 2197 contexit
255 2161 407 2212 Regius.
462 2164 644 2210 Apparet,
678 2173 788 2208 quam
809 2160 990 2210 proclivis
1010 2162 1126 2196 fuerit
1148 2174 1264 2197 error.

160 2217 262 2252 Dem.
284 2217 418 2253 iisdem.
476 2218 536 2253 Sic
557 2216 670 2253 Goth.
691 2218 787 2255 Jens.
819 2220 838 2262 ζ
852 2227 918 2252 tac.
943 2218 1079 2262 Gesu.)
1109 2217 1236 2253 Guelf.
1266 2218 1415 2254 hisdem.

73 2271 147 2308 Sed
166 2273 248 2308 edd.
275 2273 433 2308 nostram
454 2273 542 2308 dant
572 2285 701 2308 omnes
725 2282 807 2308 ante
831 2272 976 2321 Gryph.
1007 2274 1073 2321 qui
1096 2274 1242 2322 primus
1271 2274 1415 2311 eisdem.

18 2359 28 2363 -
75 2328 297 2366 Ιηίοὶεηῑὶοι·
317 2329 504 2378 scriptura,
524 2330 658 2365 invitis
680 2329 799 2369 libris,
822 2329 976 2364 obtrudi
996 2342 1072 2364 non
1096 2330 1263 2366 debebat.

159 2383 276 2434 accus.
307 2399 349 2420 ac
377 2383 451 2433 des.
511 2385 636 2422 Guelf.
668 2400 703 2420 a.
736 2396 771 2421 et
795 2386 831 2420 d.
869 2385 982 2434 paulo
1012 2386 1182 2426 suavius,
1218 2387 1286 2422 niti
1313 2384 1418 2435 quod

76 2440 241 2478 variavit
260 2441 407 2476 fortaffe
426 2443 497 2490 Qu.
517 2442 563 2477 de
583 2442 770 2482 industria,
798 2452 954 2492 propter
973 2441 1088 2492 „serm
1108 2453 1144 2478 et
1162 2451 1284 2479 conc-‘⁶

80 2597 286 2639 ..ox-atione,
308 2611 387 2635 non
399 2597 445 2635 de
455 2609 589 2635 ornatu
609 2598 724 2649 splen·
826 2598 1027 2648 sententiae
1048 2611 1084 2636 et
1104 2603 1298 2637 conciones.
1345 2601 1420 2637 Ha-

82 2653 271 2702 „doreque
300 2655 412 2703 ipfins
425 2681 435 2696 ,
462 2666 507 2693 ut
525 2659 596 2707 Qu..
619 2656 723 2695 vide·
777 2654 875 2691 bitae
898 2657 939 2690 in
969 2658 1092 2692 senatu
1114 2667 1151 2692 et
1171 2657 1216 2692 ad
1235 2656 1420 2709 populum

80 2719 172 2750 „tur
193 2711 404 2761 aecepill'e.“
779 2712 978 2750 orationes.
1010 2713 1057 2750 cf.
1081 2714 1115 2760 §.
1138 2713 1204 2758 67.
