1656 2990
256 214 345 267 168

560 215 634 258 M.
669 216 799 258 ΕΑΒ.
838 216 1244 274 QUINTILIANI

253 351 407 391 vero,
458 339 603 394 cujus
652 333 851 382 summa
893 337 1061 385 virtus
1108 337 1178 384 est
1218 337 1564 403 perspicuitas,

255 427 413 474 quam
441 407 499 456 fit
526 408 734 467 vitiosa,
775 410 818 457 si
851 421 993 475 egeat
1023 413 1338 475 interprete?

1411 418 1564 479 Ergo,

255 495 315 534 ut
342 501 608 532 novorum
640 488 835 549 optima
854 497 1008 535 erunt
1026 488 1244 534 maxime
1266 498 1458 546 vetera,
1487 491 1567 538 ”ita

197 570 247 613 42
260 570 499 608 veterum
530 561 750 607 maxime
778 558 928 609 nOva.

1019 563 1210 610 Similis
1242 563 1373 610 circa
1399 574 1567 613 aucto-

260 638 460 682 ritatem
481 635 624 683 ratio.
687 637 825 682 Nam
846 634 1037 685 etiamsi
1058 631 1219 700 potest
1242 637 1412 686 videri
1434 636 1570 686 nihil

257 726 492 774 peccare,
533 710 627 773 qui
665 713 829 759 utitur
868 713 932 760 iis
969 713 1165 768 verbis,
1215 729 1346 776 quae
1383 711 1573 762 summi

261 794 493 832 auctores
534 785 888 843 tradiderunt,
943 789 1172 841 multum
1210 798 1380 836 tamen
1417 786 1573 836 refert

262 876 371 908 non
415 858 608 916 solum,
657 862 788 924 quid
828 862 1080 919 dixerint,
1124 861 1212 910 sed
1251 864 1404 911 etiam
1442 863 1573 927 quid

263 932 542 999 persuaseri
550 946 617 982 nt.

695 938 884 1000 Neque
906 939 1047 985 enim
1066 935 1578 987 tuburchinabundum

265 1019 316 1058 et
360 1009 802 1059 lurchinabundum
849 1017 951 1074 jam
998 1014 1056 1060 in
1101 1014 1254 1062 nobis
1303 1015 1579 1078 quisquam

350 1172 452 1207 quam
473 1157 525 1207 sit
542 1158 683 1207 vitiosa.

742 1161 856 1196 Codd.
876 1161 919 1195 ad
940 1175 1055 1196 unum
1077 1174 1221 1201 omnes,
1250 1172 1293 1197 ut
1311 1172 1346 1197 et
1365 1161 1466 1200 edd..
1494 1162 1581 1197 dant

260 1211 331 1263 fit,
363 1226 480 1259 neque
512 1214 558 1248 est
586 1215 731 1250 ferenda
759 1217 900 1250 Francii
931 1219 1157 1264 conjectura,
1177 1219 1231 1263 ste
1258 1229 1326 1264 pro
1345 1229 1388 1252 eo
1408 1217 1579 1265 optantis,

268 1280 376 1315 quam
399 1269 506 1303 etiam
533 1271 670 1316 recepit
693 1272 796 1305 Gesn.

856 1272 973 1306 Mire!

1164 1273 1482 1306 lurchinabundum.
1524 1274 1581 1306 Ita

270 1323 381 1358 Goth.
405 1333 439 1358 et
460 1323 581 1359 Guelf.
612 1326 628 1370 (
641 1326 705 1360 nisi
731 1326 831 1373 quod
853 1319 980 1361 orniss'o
1002 1326 1099 1374 apice
1121 1326 1181 1360 hic
1201 1327 1261 1361 dat
1281 1327 1467 1371 lut-chiab.)
1496 1339 1581 1362 cum

326 1447 414 1480 circa
433 1448 687 1481 auctoritatem.
743 1447 903 1483 Auctori-

273 1509 327 1534 tas
351 1499 414 1534 hic
443 1501 648 1550 segregatur
670 1514 687 1535 a
708 1504 901 1550 vetustate,-

273 1554 439 1603 exempla
456 1568 567 1594 vem,
600 1568 689 1602 quae
712 1557 903 1602 subjiciun-

275 1618 358 1649 tur,
398 1621 471 1644 non
503 1620 575 1645 tam
605 1612 649 1645 ad
689 1612 761 1660 ipsu
793 1612 906 1646 verba

277 1666 454 1712 spectant,
494 1678 602 1712 quam
633 1667 677 1700 ad
705 1667 904 1701 verborum

277 1720 424 1754 formas.
483 1722 612 1767 Neque
654 1722 749 1756 enim
790 1723 906 1757 tubur-

279 1775 556 1814 chinalmmlum,
597 1777 907 1812 lurchinabundum

279 1830 348 1873 (de
386 1830 520 1875 quibus
552 1831 638 1866 vide
676 1833 833 1875 Lexica)
861 1831 908 1866 ob

280 1885 441 1933 ipsorum
470 1886 669 1920 verbm-um
695 1888 908 1921 vetustatem

278 1939 410 1976 attulit,
436 1940 492 1974 scd
513 1940 559 1975 ob
582 1941 805 1975 insolentiam
828 1955 909 1977 ver-

277 1994 415 2030 balium
435 1995 474 2028 in
494 1997 627 2030 bundas
650 1996 691 2030 ab
710 1997 767 2031 his
786 1997 908 2032 verbis

279 2050 538 2085 formatorum.
593 2054 646 2085 Ita
675 2052 823 2089 lodice-s,
861 2052 908 2087 ob

281 2107 422 2155 generis
443 2106 684 2140 mutationem
698 2130 707 2145 ‚
736 2108 908 2152 gladiola,

282 2159 328 2195 ob
358 2161 499 2211 generis
528 2161 590 2205 (de
611 2174 684 2207 quo
711 2163 843 2208 respice
865 2162 909 2196 ad

287 2228 319 2253 ι,
340 2225 377 2259 5.
402 2216 489 2258 16.)
509 2226 543 2250 et
562 2215 703 2250 fortasse
724 2218 830 2250 etiam
853 2217 911 2250 de.

282 2270 458 2304 minutivi
486 2271 765 2317 infrequentiam
804 2272 908 2316 (vid.

283 2325 326 2359 de
350 2338 392 2360 eo
412 2339 502 2360 mox
522 2335 598 2359 not.
619 2327 741 2369 erin).
799 2326 913 2361 Parri—

283 2380 447 2418 cidatum,
469 2390 636 2427 tanquam
657 2381 813 2415 insolens
835 2381 913 2415 sub-

283 2434 498 2474 stantivum,
547 2437 655 2471 collos
699 2437 825 2470 itidem
865 2436 911 2471 ob

286 2501 399 2539 genus
440 2491 596 2524 notavit.
663 2491 753 2524 Inest
794 2502 911 2525 tamen

284 2545 349 2592 ipsi
372 2545 458 2579 huic
478 2546 704 2584 auctoritati,
728 2546 911 2580 vetustatis

286 2608 432 2647 quoque
452 2598 571 2646 aliqua
595 2602 812 2650 significatio,
825 2613 913 2647 quo-

285 2654 383 2689 niam
414 2654 579 2701 subjicit,
611 2668 726 2701 „quae
755 2669 820 2691 nec
848 2658 913 2704 ipsi

286 2712 382 2756 „jam
399 2709 595 2745 dicere11t.“
622 2711 812 2747 Nimirum
835 2712 914 2747 Cal·

955 1461 1038 1487 vus,
1078 1447 1185 1482 etiarn
1216 1450 1331 1484 Pollio
1359 1459 1395 1483 et
1421 1447 1581 1498 Mqffala

956 1513 1123 1550 poterant
1178 1503 1406 1550 Quintiliano
1461 1500 1583 1538 vicini

957 1558 1050 1592 inter
1097 1559 1264 1606 antiquos
1311 1557 1581 1605 quodammodo

957 1613 1147 1647 referendi.
1210 1614 1438 1648 Tuburcinari
1459 1623 1494 1648 et
1515 1614 1585 1648 lur-

959 1671 1030 1702 cari
1044 1668 1076 1716 s.
1090 1670 1252 1703 lar-cinari
1273 1668 1367 1712 (vid.
1380 1677 1455 1702 not.
1471 1669 1583 1711 Crit.)

959 1723 1065 1757 nobis
1094 1723 1241 1769 quide-m
1272 1723 1386 1758 hodie
1411 1723 1586 1758 videntur

961 1779 1118 1812 maxime
1138 1777 1304 1817 obsoleta,
1332 1791 1414 1812 cum
1435 1790 1517 1812 raro
1539 1778 1587 1812 le-

963 1845 1088 1884 gamus
1117 1833 1211 1880 apud
1239 1834 1440 1881 scriptores.
1497 1834 1586 1879 Ejus

963 1889 1017 1922 rei
1045 1889 1143 1922 causa
1165 1898 1282 1922 tamen
1303 1889 1350 1922 est
1367 1889 1406 1922 in
1425 1889 1588 1936 ipsorum

962 1943 1161 1978 verborum
1191 1953 1340 1981 natura,
1371 1957 1416 1979 ex
1445 1943 1587 1991 plebeio

964 2009 999 2033 et
1027 1998 1240 2044 quotidiano
1270 1995 1430 2033 sermotie
1456 1999 1588 2046 petito·

963 2067 1068 2092 rum,
1106 2066 1195 2100 quae
1225 2054 1298 2087 fere
1324 2053 1464 2088 nonnisi
1493 2052 1589 2100 apud

966 2109 1133 2145 Comicos
1154 2108 1284 2156 possint
1303 2108 1474 2143 inveniri.
1522 2109 1591 2142 Ta-

963 2164 1012 2198 lia
1035 2174 1154 2198 autem
1175 2163 1368 2202 vocabula,
1394 2163 1459 2197 diu
1479 2163 1590 2197 inter-

965 2220 1066 2252 miss'a
1087 2218 1128 2252 ab
1151 2218 1301 2254 eruditis
1321 2230 1446 2252 aureae
1464 2217 1588 2252 aetatis

966 2273 1224 2321 scriptoribus,
1270 2272 1383 2323 solent
1431 2272 1498 2306 effe
1543 2273 1590 2306 se-

967 2328 1158 2375 quioribus
1177 2327 1270 2365 istis,
1300 2326 1489 2375 Appulejis
1509 2337 1545 2361 et
1566 2328 1592 2360 fi

966 2385 1049 2431 quis
1086 2383 1283 2420 recentior,
1329 2384 1436 2417 etiam
1473 2381 1593 2416 Eccle-

968 2438 1124 2476 fiasticis,
1155 2451 1235 2471 cum
1259 2437 1423 2476 Lucilii-⁸3.
1451 2436 1592 2475 Enniis,

967 2493 1122 2531 plantis,
1164 2492 1344 2527 Lucretiis
1373 2492 1591 2531 communia.

968 2550 1054 2584 Nou
1075 2549 1224 2582 fuerunt
1247 2560 1285 2581 ea
1305 2547 1412 2581 desita
1430 2547 1590 2584 iuterim,

968 2603 1045 2642 sed,
1075 2602 1288 2650 quotidiano
1319 2603 1383 2637 usu
1410 2602 1515 2651 trita.
1552 2602 1592 2636 in

967 2659 1082 2694 libros
1102 2670 1176 2694 non
1195 2659 1276 2693 sunt
1297 2656 1452 2693 admssra.
