1656 2990
251 173 382 205 anr
693 162 1134 208 PRAEFATIO.

318 280 623 340 hibebatur,
677 299 819 341 raro,
876 287 985 335 imo
1023 301 1321 351 nunquam,
1374 282 1560 335 confu-

322 371 437 428 luit,
478 370 625 434 quod
646 373 834 420 merito
856 375 1132 438 exprobrat
1155 375 1204 422 ei
1231 377 1561 423 Burmannus
1645 379 1656 445 ⁴-

328 462 386 507 in
418 458 572 523 Epist.
603 476 652 523 p.
688 474 771 519 79.
809 444 872 508 ad
905 466 1002 529 Qu,
1037 467 1106 518 6‚-
1135 476 1193 519 2,
1233 474 1280 518 5.
1321 479 1370 526 p.
1401 462 1559 526 Capp.

327 553 482 604 561.;
533 549 752 595 alterum
784 548 952 611 quod,
998 567 1120 597 cum
1152 559 1406 614 repeteret
1433 551 1562 597 Bur-

323 637 656 685 mannianam
686 634 988 692 editionem,
1024 635 1310 686 resecandis
1344 637 1562 699 quibus-

326 722 447 771 dam
496 721 1028 771 animadverfionibus
1076 739 1105 770 a
1146 721 1198 770 se
1242 708 1561 788 improbatis,

324 827 460 873 quae
500 813 590 859 vix
630 811 832 874 aliquot
873 812 1106 875 plagulas
1138 802 1419 869 efficerent,
1470 829 1560 860 ne-

323 897 588 947 ceffitatem
621 897 759 955 fecit,
800 909 1001 963 praeter
1032 898 1192 956 suam,
1231 911 1284 948 et
1311 899 1559 948 emendae

323 997 376 1035 et
407 985 728 1036 evolvendae
763 988 917 1035 etiam
952 987 1108 1035 illius.

244 1116 532 1180 Gottingae.
582 1130 737 1177 1733.
783 1122 834 1179 4.
918 1114 1144 1166 Gesnero
1176 1106 1437 1182 'quantum
1472 1116 1588 1166 de-⁴

316 1204 433 1252 beat
468 1206 852 1272 Quintilianus,
901 1220 1059 1253 nemo
1096 1207 1326 1270 ignorat3
1387 1221 1560 1274 neque

317 1307 499 1341 meum
548 1291 620 1340 est
662 1291 728 1341 de
768 1302 913 1342 tanto
954 1291 1210 1343 decessore
1254 1292 1559 1342 sententiam

314 1377 464 1428 ferre.

242 1470 589 1553 wirceburgi.
638 1502 792 1550 1732.
835 1502 882 1546 8.
957 1488 1369 1540 Chrestomathia
1391 1492 1559 1560 Quin-

316 1577 539 1624 ctiliana.
612 1577 828 1626 Scholae
852 1576 971 1625 suae
999 1578 1423 1636 accommodavit,
1460 1596 1558 1627 no·
1623 1586 1630 1590 “

313 1674 492 1727 tasque
533 1666 805 1714 variorum
848 1675 899 1712 et
939 1665 1051 1714 suas
1086 1665 1554 1715 animadverfiones

315 1751 503 1812 adjecit
530 1754 898 1802 Bonaventura
924 1752 1137 1802 Andres.

235 1870 368 1921 Ibid.
410 1888 564 1934 1793.
609 1887 656 1931 8.
738 1876 859 1924 Chr.
886 1880 981 1942 Qu.
1015 1891 1172 1939 quam
1198 1873 1552 1925 clastibus-hu-

313 1964 637 2012 manioribus
672 1961 1083 2011 accommodavit
1114 1963 1252 2011 notis
1281 1964 1552 2030 variorum

310 2059 364 2097 et
395 2048 527 2106 suis,
570 2050 764 2111 adjecta
794 2051 853 2098 in
890 2048 1126 2099 sermone
1156 2052 1324 2115 patrio
1358 2068 1552 2116 appen-

310 2135 427 2197 dice
463 2138 606 2185 auxit
637 2148 689 2185 et
718 2137 1031 2186 dilucidavit
1059 2140 1372 2187 Laurentius
1397 2139 1546 2189 Blass.

308 2223 593 2274 Postremas
631 2225 800 2274 ambas
831 2242 930 2290 pro
955 2243 1061 2274 una
1089 2225 1348 2278 recensere
1387 2237 1438 2275 et
1466 2232 1549 2288 ju-

309 2311 481 2360 dicare
516 2312 710 2367 visum,
733 2312 819 2370 est,
860 2311 947 2360 etfi
977 2314 1108 2362 levis
1137 2325 1344 2379 apparet
1373 2314 1548 2364 diver-

309 2397 433 2448 fitas.·
512 2402 711 2449 Placuit
742 2399 1012 2462 Exjesuitis
1049 2403 1436 2469 Quintilianum
1465 2420 1546 2451 re-

310 2487 500 2537 ducere
538 2490 597 2536 in
631 2488 829 2538 scholas
861 2487 1006 2546 suas,
1055 2488 1145 2537 sed
1178 2492 1251 2538 ita
1281 2501 1341 2539 ut
1373 2491 1543 2556 ipsum

311 2590 524 2650 quoque
558 2577 838 2644 Rollinum
867 2578 1233 2628 contraherent
1262 2589 1313 2627 et
1339 2579 1536 2629 brev-ia-
