1656 2990
289 256 386 306 473
596 210 668 291 ni.
705 249 835 292 FAB.
874 250 1280 319 QUINTILIANI

288 367 367 439 est
385 370 597 418 duorum
618 371 745 417 inter
750 365 818 440 se
834 387 1096 435 corporum
1117 370 1361 440 conflictio
1374 377 1400 422 ἓ
1429 364 1591 432 Erret,

287 456 350 493 ut
395 446 606 508 opinor;
683 463 794 493 non
836 448 976 507 enim
1010 446 1167 496 sonus
1207 447 1279 496 est
1313 448 1592 507 conflictio,

284 519 374 568 sed.
413 537 475 568 ex
504 518 848 569 conflictione.
937 525 1000 569 Et
1026 515 1131 570 hoc
1158 524 1342 572 levius.
1400 525 1593 576 intelli-

283 597 429 659 gitur
459 597 601 642 enim
627 606 896 660 utcunque
925 596 1138 645 dictum.
1210 598 1338 648 Inde
1360 608 1488 648 vero
1508 601 1589 647 in-
1602 613 1651 648 23

287 687 413 734 gens
441 672 575 718 male
604 673 1060 735 interpretantibus
1089 674 1295 723 innatus
1326 673 1397 722 est
1432 691 1594 736 error,

287 747 409 809 qui,
482 747 604 810 quia
649 749 870 811 primam
918 746 1303 797 conflictionem
1351 750 1594 814 legerant,

286 820 623 869 crediderunt
648 822 831 870 statum
854 821 1053 886 semper
1073 840 1134 871 ex
1155 825 1322 888 prima
1342 816 1595 888 quaestio-

258 913 359 957 7ne
383 895 710 947 ducendum:
751 897 897 962 quod.
919 897 990 946 est
1003 897 1388 949 vitiofiffimum.
1455 899 1596 950 Nam

367 1077 403 1102 et
423 1067 486 1103 hoc
505 1069 571 1104 lev.
628 1069 752 1103 Turic.
783 1081 866 1104 cum
894 1068 992 1104 Alm.
1051 1070 1121 1106 Sed
1140 1070 1203 1106 hoc
1225 1070 1250 1106 l.
1305 1072 1393 1107 Non
1412 1069 1528 1119 placet
1547 1071 1596 1106 ob

285 1121 325 1156 id
346 1123 446 1169 quod
464 1136 553 1158 mox
574 1123 621 1158 est
643 1137 736 1159 vero,
981 1127 1040 1174 qui
1066 1128 1158 1174 quia.
1216 1125 1331 1161 Goth.
1361 1131 1446 1172 (tac.
1470 1128 1595 1173 Gern.)

286 1178 427 1212 omittit
448 1182 507 1227 qui
527 1192 609 1213 cum
628 1179 726 1217 Voff.
750 1189 785 1214 2.
816 1189 852 1213 et
871 1180 1014 1214 fortaffe
1035 1183 1188 1230 Argent.
1214 1182 1386 1228 quoniam
1407 1174 1593 1218 Obr.‘n0n

284 1234 455 1283 agnoscit.
513 1234 611 1268 Alm.
632 1244 752 1272 autem
775 1233 863 1270 eod.
887 1237 946 1283 qui
967 1236 1117 1273 retinet,
1155 1245 1326 1270 monente
1344 1238 1473 1272 Burm.
1494 1237 1593 1283 quod

282 1287 376 1322 male
405 1284 568 1338 neglexit
596 1289 707 1337 Capp.
791 1289 911 1323 Etiam
948 1289 1067 1324 Guelf.
1097 1289 1206 1324 habet
1230 1293 1290 1339 qui
1298 1315 1308 1329 ,
1355 1304 1438 1325 cum
1466 1292 1590 1326 Turic-

283 1341 467 1378 Omissum
498 1356 704 1390 pronomen
734 1345 870 1378 sensum
902 1344 1074 1378 idoneum
1107 1345 1305 1392 relinquit,
1360 1347 1383 1380 fi
1415 1346 1593 1381 inciditur

282 1397 452 1432 semicolo
474 1398 535 1432 vel
561 1398 640 1432 colo
660 1409 742 1433 ante
761 1401 860 1447 quia,
899 1399 998 1445 quod
1020 1400 1106 1433 fecit
1124 1399 1215 1435 Obr.
1272 1403 1321 1435 Et
1340 1401 1419 1436 sane
1446 1402 1592 1436 suavior

282 1452 330 1487 est
353 1453 576 1500 compositio.
636 1449 682 1487 cfss
709 1466 750 1491 1,
777 1460 822 1499 4,
858 1463 903 1486 12
935 1457 993 1502 qui
1019 1457 1100 1502 quia
1125 1468 1158 1489 α.

367 1508 596 1542 crediderunt.
657 1511 709 1542 Ita
735 1507 857 1543 Guelf.
888 1518 923 1542 et
954 1509 1064 1543 Goth.
1094 1510 1188 1545 Jens.
1217 1510 1313 1554 (tac.
1341 1504 1470 1556 Gesn.)
1508 1523 1591 1546 cum

282 1561 381 1598 Alm.
415 1563 538 1597 Turio.
562 1572 598 1596 et
620 1563 699 1596 edd.
731 1573 811 1597 ante
841 1563 982 1610 Gryph.
1006 1563 1198 1603 omnibus,
1236 1565 1302 1613 qui
1318 1565 1459 1614 primus
1480 1565 1592 1605 dedit.

282 1617 384 1665 quod
405 1618 623 1652 recentiores
641 1618 882 1656 retinuerunt,
914 1619 1106 1657 credidere,
1135 1619 1235 1653 nulla
1253 1620 1383 1654 idonea
1401 1622 1499 1655 causa
1527 1622 1591 1666 (cf.

285 1686 320 1712 ει,
340 1679 378 1718 4,
407 1677 484 1717 10).
540 1673 651 1720 Apud
680 1674 862 1708 Stoetium
897 1683 1015 1708 tamen
1041 1683 1077 1715 et
1108 1673 1319 1716 Chouetum
1346 1676 1496 1710 invenio
1525 1690 1594 1711 cre-

283 1729 376 1766 dere,
406 1727 505 1775 qnod
532 1741 550 1761 a
574 1728 791 1774 quibusdam
814 1728 891 1762 dari
919 1738 1044 1762 monet
1061 1728 1378 1769 Almeloveenius,
1403 1743 1450 1765 ex
1477 1743 1590 1770 mero,

285 1793 390 1831 puto,
422 1782 615 1830 sphalmate
633 1784 710 1827 ejus
723 1784 933 1830 quicunque
954 1784 1094 1830 primus
1113 1783 1294 1819 exhibuit.

364 1837 574 1886 quaestione.
632 1841 755 1872 Ioann.
797 1839 1036 1885 Conflictione.
1071 1851 1154 1873 cum
1184 1840 1282 1875 Voss'.
1317 1853 1348 1874 1.
1379 1849 1415 1883 5.
1445 1849 1482 1875 et
1509 1840 1590 1875 edd.

241 1923 251 1937 f
283 1894 421 1930 Vaseos.
454 1903 489 1926 et
507 1893 601 1927 Rob.
625 1893 745 1940 Steph.
775 1894 841 1939 (in
863 1893 1037 1943 margine,
1062 1894 1112 1927 ait
1123 1893 1220 1929 Gibf.
1258 1895 1316 1929 An
1333 1894 1430 1944 apud
1449 1905 1592 1930 utrum-

282 1947 380 1995 que?
394 1952 410 1992 )
435 1949 524 1982 item
544 1948 685 1995 Gryph.
716 1949 878 1995 (1544)
906 1949 945 1982 iu
969 1958 1082 1987 textu,
1111 1949 1150 1982 in
1169 1951 1351 2000 margine:
1380 1949 1588 1999 quaestione.

278 2004 398 2038 Potest
427 2003 514 2037 haec
543 2004 716 2051 scriptura
743 2004 930 2038 advertere
956 2003 1168 2053 diligentem
1197 2005 1391 2045 lectorem,
1429 2005 1488 2042 sed
1506 2017 1589 2054 pro-

279 2059 366 2107 pius
397 2058 613 2105 introspecta
647 2071 721 2093 non
747 2058 921 2106 placebit,
960 2068 1004 2092 ut
1032 2059 1175 2106 opinor.

367 2114 572 2148 ducendum.
630 2116 684 2148 lta
714 2113 834 2149 Guelf.
864 2126 947 2148 cum
966 2113 1064 2151 Voff.
1091 2127 1123 2148 1.
1146 2122 1181 2156 3.
1211 2113 1356 2152 etedd.
1381 2123 1464 2149 ante
1490 2117 1591 2155 Stoe-

281 2170 380 2203 rinm
398 2168 568 2203 omnibus
580 2193 590 2207 ‚
619 2178 761 2216 praeter
783 2181 892 2205 unam
911 2169 1049 2203 Tarvis.
1069 2168 1214 2203 dantem
1233 2169 1415 2205 dicendum
1433 2181 1591 2204 cumre-

283 2223 526 2262 centioribus‚
556 2223 614 2258 sed
633 2237 678 2258 ex
699 2236 799 2258 mero
823 2223 1026 2271 sphalmate,
1056 2223 1095 2257 ni
1114 2223 1241 2262 fallor,
1268 2235 1351 2258 cum
1369 2225 1462 2262 Jens.
1487 2223 1511 2269 ζ
1521 2234 1586 2260 tac.

283 2280 418 2322 Gesu.)
455 2279 530 2327 ipsa
557 2278 733 2314 ostendat:
782 2279 986 2314 ducendum.
1043 2278 1089 2313 cf.
1117 2278 1162 2314 ad.
1188 2279 1219 2322 ᾖ.
1244 2291 1278 2313 1.
1315 2279 1407 2314 unde
1427 2279 1585 2315 ducatur·

279 2422 412 2470 probat
441 2424 509 2469 Qu.
548 2422 639 2458 ἔστιν
668 2442 722 2452 —
753 2416 771 2456 ὃ
797 2417 908 2468 ψόφος
960 2422 1068 2456 detur
1095 2420 1339 2468 Quintilianea
1365 2421 1477 2468 hujus
1505 2421 1588 2456 defi-

279 2478 404 2519 κίνησις
428 2476 500 2520 ’τοῦ
533 2472 714 2523 δυναμένου
739 2475 907 2512 κινεῖσθαι
959 2477 1113 2511 nitionis
1132 2476 1370 2524 reprehenfio’.
1401 2477 1458 2515 cf„
1479 2478 1505 2511 fi
1525 2477 1584 2510 cui

280 2530 342 2567 τὸν
378 2529 500 2580 τρόπον
537 2532 679 2572 τοῦτον,
712 2525 824 2595 “o'vmf
858 2529 906 2566 τοὶ
961 2541 1076 2570 vacat,
1105 2531 1332 2566 Mendelides
1351 2531 1395 2566 de
1417 2531 1483 2566 hae
1511 2531 1584 2578 ipsa

277 2583 441 2652 τικφοιλλό
443 2601 524 2622 uem
567 2585 637 2624 α’πο
682 2601 748 2622 των
798 2587 906 2631 λείων,
960 2599 1000 2621 re
1041 2586 1242 2634 disputans.
1297 2585 1463 2621 Berliner
1501 2588 1584 2621 Mo-

277 2636 364 2678 ’ὅταν
384 2655 438 2677 τις
456 2639 591 2692 neodem.
647 2643 906 2690 SequiturAri-
960 2641 1164 2676 natsschrift
1190 2643 1284 2692 Aug.
1309 2647 1473 2696 17341).
1507 2647 1581 2686 140

278 2697 440 2733 Itotelem
473 2699 670 2733 Diomedes
703 2711 738 2746 p.
763 2697 904 2735 Putsch.
960 2698 1053 2743 seqq.
1110 2696 1259 2730 Similis.
1281 2695 1436 2743 quaestio
1470 2695 1502 2740 ᾖ.
1531 2705 1579 2730 21

278 2760 371 2800 4¹4·
427 2756 544 2788 Acuta
568 2754 662 2788 mihi
683 2752 832 2802 qtudem
851 2753 906 2788 vi·
958 2752 1092 2791 „status
1119 2765 1164 2786 an
1185 2753 1220 2786 in
1237 2758 1315 2786 eo.“
