1656 2990
339 207 500 259 INST.
534 213 811 265 ORATOR.
847 211 968 256 Lm.
999 213 1047 268 1,
1085 225 1126 255 α.
1332 221 1396 269 41

65 334 385 387 infirmitatis
419 339 633 386 haerere
669 336 914 403 singulis,
960 347 1012 385 et
1045 334 1217 387 officio
1243 327 1401 402 fungi

68 414 466 480 quodammodo
497 414 924 481 paedagogorum
963 431 1076 464 non
1119 414 1402 478 indignan-

70 501 168 542 tur.
251 492 351 542 Sed
380 490 601 558 praestet
633 493 792 540 alicui
822 492 911 540 vel
945 492 1131 558 gratia,
1159 492 1248 539 vel
1273 491 1462 540 ami-12

73 569 220 628 ciria,
249 571 338 619 vel
371 570 621 635 pecunia,
661 579 719 618 ut
747 567 1095 619 doctiffimum
1129 578 1285 634 atque
1320 569 1405 616 in-

73 647 481 714 comparabilem
505 645 810 712 magistrum
839 645 987 695 domi
1017 645 1226 694 habeat:
1269 662 1405 694 num

71 728 248 772 tamen
293 724 381 772 ille
415 716 590 773 totum
624 724 684 772 in
709 739 822 772 uno
856 722 999 772 diem
1032 721 1407 772 consumturus

74 797 183 848 est?
225 811 312 850 aut
339 799 508 865 potest
532 797 629 848 effe
652 801 759 849 ulla
783 811 888 848 tam
921 810 1175 866 perpetua
1206 798 1409 847 discen-

73 877 140 925 tis
179 878 434 935 intentio,
482 893 615 942 quae
648 894 784 934 non,
832 888 894 925 ut
927 875 1072 926 visus
1109 876 1413 933 oculorum,

75 953 269 1003 obtutu
302 955 560 1002 continuo
606 951 891 1017 fatigetur?
944 969 1069 1001 cum
1104 951 1409 1018 praesertim

0 1037 3 1040 ’
72 1030 244 1079 multo
266 1031 389 1095 plus
418 1029 599 1077 secreti
634 1027 804 1079 studia
827 1028 1132 1078 desiderent.
1214 1031 1407 1095 Neque
1424 1046 1473 1074 12

64 1107 221 1155 enim
253 1105 528 1164 scribenti,
570 1104 845 1164 ediscenti,
889 1116 941 1154 et
979 1106 1230 1172 cogitanti
1262 1122 1411 1170 prae-

18 1209 22 1212 ·
75 1194 258 1248 ceptor
316 1182 509 1232 assistit:
578 1200 810 1248 quorum
862 1183 1066 1248 aliquid
1119 1185 1412 1248 agentibus,

77 1263 439 1326 cujuscunque
499 1261 832 1310 interventus
883 1259 1270 1325 impedimento
1323 1259 1409 1309 est.

76 1337 258 1387 Lectio
281 1354 499 1402 quoque
523 1355 635 1386 non
661 1339 850 1395 omnis,
875 1354 972 1386 nec
998 1335 1224 1403 semper,
1263 1354 1414 1404 prae-

81 1423 238 1463 eunte
255 1415 345 1462 vel
368 1415 742 1479 interpretante
762 1425 892 1480 eget.
925 1414 1141 1480 quando
1166 1417 1311 1464 enim
1335 1424 1415 1464 tot

71 1488 360 1540 ¹auctorum
403 1493 590 1539 notitia
624 1493 988 1558 contingeret?
1065 1495 1204 1557 Ergo
1240 1492 1418 1542 modi«

84 1583 207 1616 cum
248 1578 455 1633 tempus
493 1566 591 1626 est,
639 1587 748 1633 quo
782 1570 839 1617 in
873 1579 1046 1618 totum
1083 1569 1227 1618 djem
1264 1571 1418 1618 velut

16 1648 19 1653 '
85 1661 218 1709 opus
239 1644 531 1694 ordinetur.
609 1646 845 1709 Ideoque
870 1663 965 1710 per
987 1647 1168 1711 plures
1194 1647 1271 1694 ire
1297 1645 1415 1712 pos-
1431 1660 1481 1698 ιε

83 1718 206 1769 sunt
238 1722 392 1768 etiam
426 1738 559 1786 quae
595 1720 812 1787 singulis
844 1721 1096 1771 tradenda
1118 1723 1265 1772 sunt:
1307 1725 1420 1790 ple-

87 1813 246 1862 raque
275 1814 406 1846 vero
442 1798 577 1846 hanc
603 1798 966 1846 conditionem
992 1800 1216 1858 habent,
1255 1811 1316 1849 ut
1337 1817 1422 1849 ea-

90 1872 212 1922 dem
235 1890 367 1922 voce
392 1873 455 1921 ad
483 1892 665 1923 onmes
696 1874 847 1927 simul
868 1873 1211 1939 perferantur.
1248 1881 1420 1928 Taceo

92 1946 158 1996 de
201 1951 578 2015 partitionibus
623 1961 674 1998 et
718 1951 1188 2002 declamationibus
1247 1955 1425 2004 rheto-

93 2042 240 2075 rum:
283 2026 478 2091 quibus
518 2038 656 2076 certe
692 2028 1133 2094 quantuscunque
1168 2042 1451 2083 numerus

149 2246 171 2268 o
205 2235 273 2269 acio
298 2254 347 2263 -—
370 2234 628 2284 quodammodo
650 2251 733 2285 pae-
845 2239 890 2274 do
919 2239 1172 2287 partitionibus
1200 2251 1234 2275 at
1257 2241 1434 2277 declam-

97 2289 332 2338 dagogorum.
407 2294 567 2340 Apparet
622 2305 732 2340 qnam
792 2296 945 2330 tionibus·
970 2294 1158 2330 rhetorum.
1220 2297 1436 2334 partitiones

85 2346 276 2387 *contemti
324 2346 463 2381 fuerint
512 2347 735 2400 paedagogi,
793 2353 875 2386 sunt
906 2350 1103 2391 materiae,
1134 2365 1199 2400 per
1227 2363 1348 2401 partes
1381 2354 1435 2388 di-

97 2401 185 2449 qui.
216 2402 341 2437 seu-ili
371 2402 607 2443 conditione,
645 2418 736 2438 nun-
793 2408 912 2446 visae,
957 2419 1049 2454 quae
1081 2408 1290 2457 discipulis,
1333 2410 1439 2445 «lomi

99 2458 165 2492 nisi
187 2459 344 2509 singulos
376 2460 623 2495 custodiebant
651 2475 738 2510 pue-
795 2464 839 2498 ad
879 2462 990 2509 just-te
1029 2462 1307 2500 deciam-aionis
1357 2479 1438 2500 mo-

100 2524 183 2552 10⁸,
211 2526 285 2547 nnn
309 2514 497 2549 docebant.
798 2519 888 2552 dnm
914 2519 1185 2568 amplificandae
1219 2533 1254 2556 et
1288 2523 1438 2570 perscri-

154 2570 236 2616 plus
248 2569 395 2618 secreti,
419 2584 529 2618 quam
549 2573 740 2622 conjuncti
798 2575 960 2614 bomine,
995 2575 1204 2612 dictantur:
1247 2579 1434 2614 Declama-

102 2636 188 2659 cum
210 2624 382 2665 docente,
413 2627 527 2662 videl.
549 2629 658 2663 studii
679 2630 741 2664 vel
798 2634 929 2670 tiones,
975 2634 1136 2681 exempli
1171 2635 1271 2669 causa
1304 2649 1323 2669 a
1356 2636 1438 2670 rhe—

105 2681 238 2728 operis.
263 2683 320 2715 Sic
341 2683 435 2716 infra
457 2690 536 2729 cufi,
551 2694 587 2726 5.
603 2684 741 2732 secreta
799 2687 945 2722 toribus
993 2689 1164 2725 recitatae
1213 2691 1255 2725 in
1305 2691 1436 2728 scholis

105 2735 204 2786 plur.
227 2749 330 2773 num.
357 2750 425 2788 pro
450 2739 659 2777 solitudine.
798 2744 997 2780 orationes.
