1656 2990
298 190 394 241 586
617 187 691 231 M.
722 155 853 231 m.
886 187 1294 246 QmNTILIANI
1346 219 1347 222 η

519 329 586 340 -—
618 311 720 351 Jam
740 305 844 369 fero
877 304 1091 367 (inquit)
1125 305 1300 370 infandi
1330 323 1429 359 zma,

424 381 526 425 Jam
555 376 701 440 facere
729 393 865 435 cogor.

299 508 505 571 Quanto
548 502 708 566 magis
750 502 847 557 eis,
904 500 1094 565 quibus
1134 516 1285 549 curae
1319 494 1602 556 fama‘fuiss

235 593 287 640 46
299 576 682 627 conservandus
706 575 777 624 est
809 576 898 624 hic
928 577 1015 624 vel
1035 577 1290 626 ambitus?
1338 578 1507 644 Quare
1537 583 1602 630 et,

377 740 459 774 Jam
479 738 559 786 fero
577 758 631 767 —
654 752 773 787 cogor.
828 739 1002 787 Disposui
1021 739 1267 790 fragmentum
1289 749 1308 772 e
1330 737 1500 785 sententia
1511 739 1605 772 Rut-

294 795 400 844 gerfii
420 795 459 829 in
477 794 714 830 Lectionibus
736 795 924 830 Venusinis
953 807 982 829 c.
1006 804 1041 837 5,
1070 794 1252 844 flagitante
1271 803 1400 828 metro.
1457 791 1605 828 Gesneri

294 850 522 894 conjectura,
560 849 662 898 ferre
702 850 861 897 optantis
894 862 961 897 pro
994 850 1079 897 fero
1110 862 1130 883 a
1158 848 1262 883 libris
1300 860 1375 883 non
1409 847 1623 893 ‘adjuvatur

295 907 313 947 ζ
327 903 447 939 Guelf.
475 917 543 951 pro
575 917 618 939 eo
645 917 747 943 vero,
776 905 816 938 in
841 917 914 951 quo
935 905 1022 938 latet
1048 913 1190 951 recepta
1209 903 1328 951 ipsa),
1366 913 1403 938 et
1422 901 1604 937 robustius

294 959 448 993 videtui·
468 961 494 993 fi
507 958 634 1007 facere
653 970 815 998 tantum,
844 973 919 995 non
939 961 1025 994 item
1045 959 1158 1006 ferre,
1189 959 1220 994 se
1241 958 1324 1008 cogi
1345 957 1452 992 dicat.
1509 957 1600 992 Con-

293 1014 417 1049 tinuos
438 1014 536 1048 enim
555 1015 645 1049 duos
664 1014 836 1062 spondeos
856 1015 893 1049 ir·
914 1015 1043 1049 iambis
1059 1013 1200 1050 Latinis
1222 1025 1297 1047 non
1317 1011 1499 1047 morabor.

376 1082 481 1104 curae
500 1068 621 1116 fama.
679 1070 737 1104 Sic
756 1070 876 1105 Guelf.
896 1073 917 1108 J
921 1071 989 1104 ens.
1016 1069 1100 1114 (tac.
1125 1068 1312 1103 Gesmnifi
1329 1068 1426 1102 forte
1449 1067 1490 1101 in
1519 1075 1599 1100 meo

291 1123 461 1171 exemplo
485 1126 622 1159 calamo
639 1124 686 1159 est
708 1135 914 1160 correctum
933 1138 952 1159 e
972 1138 1054 1159 cura
1069 1124 1216 1172 famae)
1257 1122 1348 1159 Obr.
1367 1122 1457 1156 item
1477 1120 1598 1156 Turic.

292 1192 314 1214 a
333 1180 451 1227 prima
474 1192 583 1214 manu
596 1204 607 1218 ‚
634 1192 717 1213 nam
737 1193 756 1212 a
774 1179 922 1215 secunda
944 1179 990 1216 est
1007 1179 1245 1225 cut-aesamae
1274 1181 1291 1220 (
1301 1188 1342 1212 ut
1361 1187 1397 1212 et
1417 1177 1457 1211 in
1477 1175 1599 1221 Alm.)

290 1248 310 1268 a
336 1236 444 1271 tertia
479 1234 637 1281 denique
668 1237 865 1281 repositum
886 1234 1010 1283 fama.
1064 1233 1148 1269 Ald.
1175 1232 1261 1267 Bad.
1290 1233 1355 1267 sec.
1384 1233 1488 1267 Cerv,
1518 1230 1596 1264 Bar.

289 1283 378 1324 dant
406 1290 527 1336 aliqua
555 1303 638 1324 cura
670 1288 808 1328 famae,
847 1289 945 1336 quod
977 1289 1015 1322 in
1043 1287 1185 1335 aliquot
1206 1287 1383 1334 exemplis
1402 1287 1597 1322 inventum

289 1344 420 1392 probat
441 1343 598 1393 Regius,
633 1343 691 1378 sed
714 1343 801 1381 Bad.
825 1345 864 1378 in
893 1355 948 1391 pr.
975 1343 1095 1388 rejicit
1115 1344 1254 1390 aliqua,
1283 1342 1382 1389 quod
1403 1352 1515 1386 neque
1537 1351 1597 1374 ne·

290 1399 478 1433 ceffarium
510 1400 551 1433 fit
580 1408 616 1432 et
643 1398 834 1432 omittatur
866 1400 905 1432 in
937 1397 1102 1435 Vallenfi.
1162 1397 1304 1435 Ceteri,
1340 1406 1383 1432 ut
1404 1404 1440 1430 et
1467 1395 1597 1435 Getn..

289 1468 372 1489 cura
390 1452 527 1500 famae.
580 1454 670 1489 Non
700 1452 860 1488 muitum
889 1453 1054 1493 interest;
1086 1451 1144 1487 fed
1167 1451 1330 1486 nostrum
1349 1450 1469 1486 minua
1495 1449 1598 1487 vide·

288 1509 398 1543 batur
426 1507 582 1555 potuiss'e
610 1508 702 1542 oriri
729 1520 747 1540 e
781 1506 996 1554 corruptela.

372 1564 426 1598 hic
454 1563 511 1597 vel
538 1563 629 1597 amb.
684 1563 843 1597 Fortass'c
875 1562 1040 1608 iniquior
1066 1561 1106 1595 in
1135 1561 1329 1596 Francium
1356 1559 1500 1598 videar,
1538 1557 1599 1611 [εᾲ

289 1631 364 1653 non
386 1617 493 1652 credo
511 1619 589 1662 ejus
609 1616 677 1651 effe
697 1619 942 1664 conjecturam
964 1628 1055 1663 quae
1074 1625 1298 1652 memoratur
1316 1628 1336 1650 a
1355 1617 1480 1650 Burm-
1499 1615 1598 1649 velut

289 1685 358 1722 pro
379 1674 446 1708 vel.
503 1674 587 1707 Hoc
607 1673 723 1719 ipsum
745 1673 842 1706 enim
861 1672 960 1718 quod
982 1671 1173 1718 reposuiss'e
1191 1673 1309 1706 fertur
1327 1669 1413 1709 ille,
1444 1669 1596 1705 invenio

289 1730 330 1762 iu
355 1728 471 1763 Turic-
503 1727 570 1773 qui
596 1739 679 1762 cum
702 1726 797 1761 Alm.
828 1727 940 1761 nimis
960 1726 1057 1771 solet*
1075 1727 1297 1774 conspirare,
1324 1737 1432 1772 quam
1454 1734 1497 1759 ut
1517 1725 1597 1771 casu

290 1784 427 1817 factum
456 1792 606 1830 putem,
642 1782 743 1828 quod
763 1782 955 1820 Francius,
986 1780 1297 1816 Almeloveeniani
1319 1780 1461 1816 Codicis
1480 1779 1597 1814 domi-

289 1850 370 1876 nus,
398 1836 604 1882 conjecerit,
634 1837 734 1883 quod
754 1837 892 1887 legitur
911 1837 949 1870 in
969 1836 1092 1870 Turio.
1151 1835 1309 1886 gemello
1331 1834 1454 1878 Alm.)
1508 1835 1598 1869 For-

287 1893 371 1928 tass'e
399 1905 418 1925 a
445 1891 520 1927 solo
543 1894 668 1926 Burm.
694 1892 878 1926 turbatum
908 1891 956 1926 est
983 1890 1144 1937 aliquid,
1181 1903 1299 1938 neque
1319 1889 1504 1941 arrogavit
1530 1888 1598 1924 fibi

287 1948 381 1983 hanc
393 1947 682 1982 emendationem
696 1948 879 1982 francias.
920 1949 1052 1983 Veram
1072 1955 1194 1979 autem
1208 1945 1371 1980 existimo
1386 1945 1596 1992 scripturam

287 2004 396 2040 velut.
457 2003 524 2037 Vel
543 2014 652 2048 quarn
673 2004 714 2036 fit
733 2012 958 2040 contortum,
988 2001 1239 2048 unusquisque
1260 2000 1394 2036 sentiat.
1450 2002 1596 2035 Poterat

287 2059 367 2094 [ane
394 2060 462 2105 Qu.
484 2057 542 2095 id,
569 2056 670 2103 quod
691 2056 807 2091 malus
830 2056 943 2091 homo
963 2068 1037 2090 non
1058 2055 1143 2091 vult
1172 2055 1291 2090 videri
1310 2054 1451 2094 malus,
1478 2053 1598 2102 appel·
1636 2095 1639 2098 Α

286 2112 361 2148 lare
385 2113 551 2147 ambitum
578 2111 597 2157 (
610 2111 675 2147 ubi
700 2121 796 2146 recte
823 2113 928 2147 Gesn.
957 2111 1099 2146 confert
1121 2120 1190 2150 12,
1224 2123 1294 2150 ιο,
1324 2119 1348 2154 5
1377 2109 1597 2158 intelligendi
1647 2107 1650 2111 ⁸

1536 2247 1596 2284 Est

970 2246 1024 2282 tio
1053 2246 1230 2286 honoris,
1281 2247 1326 2282 cf.
1353 2249 1385 2292 §.
1418 2257 1482 2292 32.

343 2247 467 2296 quibus
478 2245 659 2294 —-fama.'
674 2247 722 2285 Si,
743 2247 781 2280 in
795 2246 914 2281 homi-

288 2313 380 2335 num
403 2301 781 2351 profligatisslmorum
810 2306 916 2348 (qua-

970 2311 1091 2336 tamen
1126 2303 1256 2337 durior
1293 2302 1482 2338 collocatio
1513 2310 1597 2338 con·

288 2356 339 2391 les
362 2357 462 2390 fuere
484 2355 650 2394 Catilina,
669 2357 819 2403 Atreus)
838 2368 916 2404 per-

289 2413 382 2449 sona,
416 2411 574 2447 studium
597 2410 836 2458 turpitudinis
860 2410 918 2445 ab·

286 2465 417 2500 horret
426 2478 445 2498 a
455 2465 784 2505 verisimilitudine,
805 2478 917 2513 quan-

290 2531 328 2554 to
359 2520 475 2570 magis
503 2521 542 2554 in
573 2521 836 2556 honestioribus
857 2521 916 2555 de-

286 2575 376 2611 bent
395 2576 485 2625 fingi
503 2575 779 2610 convenientia!

345 2631 398 2664 hic
414 2630 471 2663 vel
487 2630 647 2664 ambitus.
703 2631 774 2666 Vel
798 2632 822 2665 fi
842 2643 916 2665 me-

290 2696 354 2719 rus
371 2683 484 2719 fuerit
504 2685 662 2720 ambitus
692 2685 728 2720 h.
751 2698 781 2721 e.
804 2696 916 2735 capta-

969 2357 1169 2404 junctionis
1186 2359 1261 2397 vel,
1295 2371 1402 2404 quam
1429 2370 1496 2405 pro
1518 2357 1595 2406 sal·
1654 2394 1655 2399 ,

971 2423 1040 2447 tem
1061 2413 1225 2459 usurpari
1243 2424 1316 2460 quo
1339 2422 1483 2447 auctore
1503 2412 1595 2447 affir-
1652 2420 1656 2427 ¹

969 2476 1045 2501 met
1067 2467 1224 2518 Regius,
1252 2480 1327 2502 non
1353 2467 1520 2515 equidem
1543 2467 1596 2502 di·
1652 2498 1656 2502 ,

969 2521 1109 2560 xerim,
1154 2524 1215 2556 etfi
1254 2521 1364 2557 video
1395 2522 1436 2556 in
1468 2522 1591 2557 eadem

970 2576 1144 2624 opinione
1166 2577 1232 2611 effe
1252 2576 1509 2615 mustellinum,
1538 2575 1594 2612 sed

970 2632 1154 2666 revictum
1179 2631 1223 2666 ab
1241 2632 1389 2668 Ernesto
1417 2645 1454 2681 p.
1479 2637 1592 2679 ²048·

970 2686 1016 2722 cf.
1037 2695 1116 2722 not.
1141 2687 1232 2723 Crit-
