1656 2990
582 227 1036 274 PRAEFATIO.
1359 242 1488 273 xx1x

133 363 342 406 rentem
374 354 434 403 in
469 352 710 403 Leidensi
748 354 993 419 exemplo
1032 351 1212 418 quod,
1264 363 1327 401 ut
1358 352 1485 412 dixi,

133 445 422 512 repetebat,
462 446 689 494 mutavit
712 423 887 502 altera,
926 460 1062 509 quae
1088 442 1157 492 fic
1176 443 1362 493 habet:
1406 446 1481 494 M.

127 538 187 587 vF.
238 541 339 606 Qu,
391 538 475 585 De
527 532 867 585 Institutione
909 536 1150 584 Oratoria
1203 535 1330 583 libri
1370 537 1482 589 XII,

105 671 108 676 .
131 630 263 679 Eam
286 626 537 693 deinceps
562 642 746 676 omnes
769 622 1149 691 expresserunt,
1202 624 1301 674 nifi
1335 625 1486 691 quod

133 719 390 768 Rollinus
426 719 704 784 Epitomae
731 715 854 765 suae
884 714 1122 781 praefixit
1157 717 1382 765 titulum
1421 717 1487 764 il-

132 809 253 859 lum
290 810 586 874 antiquitus
618 806 1030 872 frequentatum.
1111 806 1486 857 Vetustissimae

136 897 360 964 quidem
393 898 681 955 editiones,
729 895 880 946 sicuti
907 908 1102 947 notum
1143 895 1244 955 est,
1302 895 1486 946 inscri-

133 988 412 1054 ptionibus
456 1003 630 1035 carere
676 984 862 1036 solent.
957 989 1032 1035 Ita
1078 987 1138 1035 in
1175 985 1487 1041 Jensoniana

133 1096 245 1128 non
266 1076 364 1127 nisi
390 1077 458 1127 ad
479 1078 674 1126 calcem
707 1078 870 1143 primi
900 1078 1231 1143 initiumque
1264 1076 1488 1127 secundi

134 1169 263 1218 libri
290 1169 545 1234 leguntur
567 1168 722 1217 haec:
773 1172 872 1238 Qu.
901 1167 969 1216 de
993 1167 1333 1217 Institutione
1361 1171 1491 1216 Ora-

135 1260 273 1309 toria
310 1259 448 1308 liber
477 1258 685 1326 primus
717 1256 836 1308 finit
877 1285 943 1295 —
989 1257 1250 1308 secundus
1281 1259 1487 1324 incipit.

134 1352 199 1400 In
244 1351 428 1399 ceteris
462 1349 604 1399 nihil
636 1347 735 1399 nisi
771 1351 1093 1420 Quintiliani
1132 1350 1270 1398 liber
1301 1351 1490 1399 tertius

136 1450 232 1490 cet.
312 1440 583 1491 Tarvifina
613 1442 673 1490 in
701 1442 975 1507 prioribus
1005 1441 1156 1491 libris
1186 1441 1345 1490 habet
1372 1445 1491 1495 Jen-

122 1529 408 1581 «sonianam
448 1532 599 1581 illam
639 1531 1068 1598 inscriptionem,
1143 1533 1203 1581 in
1247 1533 1487 1598 reliquis,

134 1622 309 1686 iisque
352 1623 632 1688 pluribus,
693 1623 959 1689 pluralem
993 1624 1175 1689 ponit,
1239 1633 1300 1672 ut
1329 1634 1381 1671 et
1420 1621 1488 1671 ad

135 1713 328 1760 calcem
353 1714 518 1763 totius
544 1714 746 1780 operis;
793 1718 945 1776 cujus
975 1724 1151 1763 tamen
1171 1715 1394 1763 titulum
1427 1714 1488 1761 in

136 1801 315 1852 fronte
334 1819 432 1851 nec
453 1802 562 1868 ipsa
583 1804 753 1853 habet.
834 1805 1089 1854 Locatelli
1111 1804 1277 1854 editio
1303 1806 1362 1853 in
1386 1802 1489 1852 fin-

138 1894 276 1960 gulis
294 1893 445 1943 libris
467 1892 721 1943 ostendit:
766 1893 833 1942 de
856 1893 976 1943 Inst.
1009 1895 1253 1952 oratoria,
1292 1895 1352 1943 in
1380 1892 1489 1942 fine

139 1985 427 2050 pluralem,
465 1985 524 2033 in
548 1982 725 2034 fronte
750 1985 925 2050 operis
954 1983 1301 2050 inscriptione
1332 1995 1485 2034 caret.

139 2068 399 2139 Reliquae
431 2074 702 2141 deinceps,
750 2091 880 2141 quas
915 2074 1139 2140 quidem
1171 2074 1314 2133 vidi,
1363 2076 1487 2141 plu-

142 2165 307 2213 ralem
328 2166 618 2232 ponunt‘in
637 2165 794 2215 titulo
818 2182 1002 2215 omnes
1032 2176 1150 2214 ante
1173 2164 1487 2223 Gibsonum‚

140 2255 201 2304 in
248 2253 466 2322 singulis
516 2266 692 2306 tamen
739 2256 890 2305 libris
935 2257 1197 2306 variantes
1238 2266 1289 2304 et
1330 2255 1484 2322 ipsae.

138 2345 358 2396 Nomen
379 2347 553 2413 operis
575 2344 871 2412 expreffum
902 2363 929 2393 a
958 2344 1212 2413 scriptore
1234 2364 1350 2398 *non
1374 2363 1499 2402 me·-

139 2437 276 2488 mini
301 2448 507 2502 praeter
538 2438 729 2487 locum*
758 2439 818 2486 in
854 2435 1073 2502 epistola
1103 2435 1169 2484 ad
1208 2436 1485 2501 Bibliopo-

139 2509 271 2585 lain,
319 2530 417 2593 qui
447 2527 567 2577 sane
600 2526 840 2577 defendit
870 2525 1265 2576 Gibsonianiam
1302 2525 1485 2575 inscri-

140 2617 394 2687 ptionem.
475 2619 671 2684 Neque
709 2629 885 2666 tamen
922 2627 1040 2666 tuto
1084 2616 1212 2665 inde
1251 2618 1483 2682 colligas,

141 2702 594 2772 hoc'potiffimum
635 2709 870 2758 nominis
914 2704 1220 2773 impositum
1261 2706 1324 2755 ab
1368 2705 1484 2772 ipso
