1656 2990
325 270 416 316 272
634 232 723 300 M(
743 257 874 300 ΕΑΒ.
913 257 1319 316 QUINTILIANI

1518 341 1526 364 l

286 377 461 444 zapud
492 378 846 441 grammaticos
884 394 1018 441 puer
1057 377 1308 426 didicerit.
1406 382 1470 428 Et
1501 380 1625 444 quia

318 455 700 508 narrationum,
747 462 950 515 excepta
981 469 1081 516 qua
1117 454 1174 500 in
1206 451 1653 512 causisutimur„

318 539 419 577 tres
443 528 731 590 accepimus
754 526 972 590 species:
999 524 1270 594 fabulam,
1310 528 1624 593 quae'versa-

318 614 406 651 tur
431 603 488 649 in
514 601 788 665 tragoediis
811 612 960 665 atque
979 603 1316 659 carminibus,
1355 620 1463 652 non
1485 621 1512 651 a
1535 621 1622 652 ve-

318 680 467 727 ritate
503 677 688 734 modo,
725 676 812 724 sed
842 679 995 725 etiam
1027 695 1054 723 a
1089 676 1256 725 forma
1287 679 1514 727 veritatis
1546 696 1627 726 re-

316 763 512 802 motam
523 771 536 810 3
571 763 948 819 argumentum,
982 753 1127 816 quod
1151 751 1359 810 falsum,
1391 752 1480 801 sed
1498 771 1624 802 vero

316 827 508 882 simile,
538 827 837 875 comoediae
861 826 1087 891 [inguim
1130 824 1414 895 historiam,
1442 830 1499 877 in
1523 845 1626 893 qua

318 902 390 951 est
426 901 587 967 gestae
624 903 700 949 rei
741 902 1014 966 expositio;
1074 905 1412 967 grammaticis
1452 914 1626 952 autem

315 980 539 1042 po'e‘ticas
570 977 837 1026 dedimus:
878 978 1018 1041 apud
1038 978 1303 1027 rhetorem
1326 980 1538 1026 initium
1562 978 1627 1026 sit

282 1053 555 1110 5historia;
590 1062 729 1100 tanto
754 1052 1037 1110 robustior,
1076 1064 1270 1116 quanto
1295 1055 1484 1102 verior.
1527 1053 1627 1102 Sed

314 1128 560 1177 narrandi
587 1127 800 1191 quidem
829 1145 959 1191 quae
990 1129 1141 1176 nobis
1176 1129 1370 1192 optima
1392 1131 1521 1179 ratio
1547 1130 1627 1176 vi·-

317 1204 522 1260 deatur,
562 1213 677 1250 tum
706 1202 1195 1270 demonstrabimus,
1234 1221 1355 1252 cum
1388 1202 1452 1263 de
1488 1203 1627 1263 judi-

317 1280 435 1326 ciali
454 1288 595 1343 parte
617 1277 862 1326 dicemus.
938 1279 1152 1326 Interim
1178 1277 1458 1326 admonere
1485 1278 1626 1326 illud.

314 1353 430 1402 satis
467 1352 561 1409 est,
600 1363 659 1400 ut
688 1351 753 1400 fit
782 1370 836 1399 ea
859 1369 1030 1416 neque
1065 1352 1206 1399 arida
1237 1352 1446 1416 prorsus
1473 1364 1624 1416 atque

315 1433 488 1491 jejuna
536 1430 557 1490 (
569 1445 690 1475 nam
726 1427 856 1490 quid.
898 1444 1030 1491 opus
1067 1438 1172 1474 erat
1204 1437 1406 1475 tantum
1441 1426 1624 1477 studiis

313 1505 503 1552 laboris
524 1502 850 1566 impendere,
891 1501 932 1549 si
957 1520 1034 1550 res
1055 1502 1220 1551 nudas
1241 1513 1390 1566 atque
1416 1504 1625 1552 inorna-

290 1590 387 1628 -tas
427 1578 656 1626 indicare
690 1576 804 1625 satis
841 1578 1201 1642 videretui·‘?)‘:
1240 1595 1411 1642 neque
1445 1577 1622 1639 rursus

312 1653 539 1710 sinuosa,
581 1663 630 1700 et
660 1651 887 1700 arceffitis
917 1651 1372 1717 descriptionibus,
1406 1654 1469 1700 in>
1494 1670 1622 1716 quas

310 1731 548 1794 plerique
578 1729 867 1775 imitatione
900 1729 1129 1792 poeticae
1159 1729 1393 1775 licentiae
1419 1727 1623 1777 ducun-

275 1815 423 1862 4tur,
451 1803 647 1852 lasciva.
712 1804 913 1851 Vitium
939 1813 1246 1868 utrumque:
1286 1807 1431 1868 pejus
1450 1813 1622 1852 tamen

393 1983 572 2008 remotam.
613 1973 736 2008 Turio.
753 1982 788 2007 et
800 1971 919 2009 Gueli'.
938 1983 1070 2008 remota
1084 1986 1165 2007 cum
1190 1974 1237 2007 snt
1255 1972 1382 2007 multis
1396 1972 1523 2012 codd„
1545 1985 1622 2008 non

309 2029 415 2064 male.
552 2039 626 2063 tum
647 2027 830 2076 demonstr.
871 2027 983 2063 Goth.
1003 2031 1092 2073 (tac.
1113 2029 1234 2070 Gesn.)
1255 2029 1395 2062 omittit
1413 2038 1506 2066 tum,
1535 2040 1620 2064 cum

307 2085 406 2121 Voff.
427 2093 462 2126 3.
482 2093 518 2116 et
537 2083 615 2117 edd.
639 2082 789 2129 aliquot.
930 2082 1074 2131 lasciva.
1105 2083 1226 2118 Guelf.
1240 2081 1435 2130 lasciviant,
1454 2083 1555 2129 quod
1578 2083 1618 2116 in

306 2140 377 2175 [nis
399 2138 606 2172 inveniebat
627 2139 781 2187 Regius,
809 2138 873 2184 qni
894 2140 1096 2184 conjectura
1117 2139 1296 2184 expunxit.
1315 2152 1348 2172 n.
1390 2137 1500 2172 Goth.
1522 2141 1617 2182 (tac.

304 2195 438 2240 Gesn.)
463 2192 627 2240 lascivia.
660 2193 697 2225 in
719 2205 793 2238 qno
815 2193 900 2226 latet
921 2193 1123 2227 multorum
1145 2192 1260 2228 Codd.
1275 2202 1316 2226 nt
1333 2193 1456 2227 Turio.
1479 2202 1515 2226 et
1536 2193 1616 2227 edd.

303 2250 479 2296 scriptura
501 2247 675 2295 lasciviae.
706 2250 786 2296 Ego
811 2257 930 2281 tamen
950 2257 1127 2294 receptam
1148 2257 1240 2294 puto
1259 2259 1381 2282 veram
1396 2246 1443 2281 ob
1461 2249 1617 2294 positum

302 2305 404 2339 vocis
416 2316 523 2352 neque
536 2303 612 2350 post
622 2301 684 2352 fic,
697 2312 731 2336 et
741 2302 905 2336 additum
924 2302 1138 2337 adverbium
1151 2301 1278 2350 rursus,
1295 2312 1445 2350 propter
1457 2314 1616 2349 quorum

360 2443 459 2468 tanto
490 2429 673 2481 robustior.
712 2444 802 2479 quae
833 2441 933 2466 tanto
988 2429 1215 2479 robustiorem
1227 2430 1481 2466 adolescentem
1495 2430 1617 2472 decet:

303 2488 388 2538 plus
410 2489 450 2522 in
472 2497 638 2522 narrante
659 2486 802 2522 roboris
824 2497 859 2521 et
878 2487 934 2521 vi-
989 2495 1025 2520 et
1056 2487 1186 2533 spectat
1210 2486 1370 2537 elogium
1401 2486 1445 2521 ad
1468 2486 1615 2521 omnem

304 2544 402 2578 rium
431 2538 563 2590 poscit,
591 2552 726 2589 quanto
756 2543 932 2576 remotior
988 2542 1139 2576 omnino
1162 2541 1366 2580 historiam,
1395 2554 1468 2575 non
1488 2541 1530 2575 ad
1552 2539 1615 2575 ali-

303 2599 350 2633 est
382 2612 400 2632 a
437 2597 598 2632 -ibertate
627 2597 806 2647 fingendi,
846 2609 930 2631 cum
986 2608 1094 2643 quem
1115 2597 1191 2643 ejus
1211 2596 1391 2632 delectum
1420 2609 1440 2630 a
1468 2595 1612 2631 rhetora

298 2654 339 2688 in
371 2653 444 2687 illis
476 2653 626 2701 poeticis
661 2650 928 2686 narrationibus
983 2651 1200 2686 faciendum.

295 2707 401 2743 liceat
423 2710 519 2755 qnasi
541 2706 731 2754 pueriliter
751 2706 925 2742 lascivire.
1037 2720 1114 2741 cum
1162 2725 1214 2734 —-
1261 2705 1421 2742 dicemus.
1477 2706 1523 2741 L.
1569 2709 1608 2757 4-

291 2762 487 2813 Robusc'ior
510 2762 686 2810 *dicituiu
742 2771 923 2810 quatenus
979 2772 1008 2796 c.
1039 2770 1077 2797 2.
