1656 2990
367 213 531 261 INST.
569 210 1007 261 ORATOR.'LIB.
1045 209 1142 268 III,
1183 227 1226 257 1.
1373 222 1472 273 429

132 343 230 393 Ars
249 339 322 390 est
340 339 637 406 utriusque,
673 337 764 388 sed
787 338 1032 405 pluribus
1053 354 1169 387 eam
1186 336 1341 388 libris
1360 340 1477 387 Ari-

133 419 340 470 stoteles
362 415 772 484 complexus'est.
825 415 1031 465 Eodem
1049 425 1288 481 tempore
1299 414 1478 465 Theo-

132 496 308 546 dectes
338 494 468 554 fuit,
507 494 573 544 de
603 498 752 556 cujus
782 509 941 558 opere
969 491 1126 558 supra
1159 492 1364 542 dictum
1385 492 1471 541 est.

131 571 526 642 Theophrastus
547 588 764 639 quoque
782 568 1074 620 Aristotelis
1094 568 1387 636 discipulus
1407 569 1474 620 de
1491 588 1505 609 ²
1517 583 1537 620 ι

133 753 229 789 quae
257 739 306 775 est
333 738 486 776 Gesneri
517 738 562 774 ad
590 738 754 774 nostrum
787 738 859 786 Qu.
887 736 1013 773 locum
1043 735 1242 773 dubitatio.

134 795 422 836 Valkenaerius,
459 796 528 844 qui
547 795 800 847 fragmentum
822 794 868 830 de
888 794 1083 834 industria,
1113 793 1215 841 quod
1238 791 1371 833 doleo,
1399 805 1477 828 non

134 853 184 889 est
203 854 488 902 interpretatus,
529 854 752 897 oceafionem
772 850 1047 899 pronunciandi
1078 850 1189 898 hujus
1221 850 1262 884 in
1286 849 1476 901 tragoedia

132 910 339 958 Euripiden
360 911 486 945 versus
506 908 727 944 demonstrat
747 907 911 944 Diatrib.
935 907 975 942 in
996 910 1086 942 Eur.
1117 907 1290 958 fragmm.
1321 920 1358 955 p.
1385 920 1399 940 ι
1414 906 1473 941 16.

133 966 205 1003 Sed
227 976 416 1015 protracto
446 979 493 1002 ex
518 965 670 1001 latebris
693 964 810 999 altero
835 964 903 999 illo
924 965 1032 999 versu
1047 988 1057 1002 ,
1094 975 1207 1012 quem
1229 963 1304 1012 ipse
1325 975 1402 997 non
1422 965 1476 998 vi⁹

133 1023 245 1058 detur
275 1022 594 1062 animadvertiss'e,
636 1030 710 1057 tam
729 1021 822 1057 bene
847 1032 924 1055 non
952 1019 1122 1069 procedit
1142 1032 1194 1054 ea.
1252 1020 1386 1067 Neque
1414 1017 1478 1054 ill·

133 1079 180 1114 de
200 1089 349 1114 auctore
369 1078 535 1117 dubitat,
563 1088 784 1129 argumento
818 1087 939 1112 tamen
972 1086 1071 1112 cetto
1091 1079 1167 1112 no'n
1188 1075 1349 1124 prolato.
1409 1076 1480 1111 Ga-

134 1134 280 1171 takerus
313 1140 454 1183 (quem
485 1135 531 1169 ad
559 1134 721 1170 nostrum
754 1134 877 1169 locum
913 1133 1007 1168 mira
1037 1133 1259 1168 confidentia
1290 1128 1480 1177 αὖτολεξιὶ

130 1190 311 1240 compilat
333 1189 581 1230 Colomefius‚
611 1190 714 1238 quod
736 1190 825 1225 huic
845 1189 933 1225 viro
954 1189 1121 1229 tolenno,
1160 1199 1204 1224 ut
1231 1201 1324 1224 mox
1356 1190 1389 1233 ᾗ.
1414 1200 1476 1231 ²7-

129 1248 177 1284 ad
201 1246 496 1297 Theophrastum,
527 1247 745 1298 Menagium
767 1246 811 1282 ad
831 1246 948 1297 Diog.
972 1247 1126 1294 Laert.)
1157 1245 1304 1294 primus
1322 1245 1479 1280 videtur

129 1303 353 1353 Euripidem
377 1303 585 1356 agnoviffe‚
612 1298 688 1351 quo
710 1302 774 1339 vel
796 1312 946 1338 auctore
965 1301 1029 1337 vel
1048 1312 1270 1353 argumento
1297 1314 1373 1336 non
1394 1315 1479 1350 pro·

131 1361 234 1396 dens.
293 1360 499 1397 Turicenfis
519 1359 609 1396 haec
629 1359 678 1396 est
695 1360 823 1396 versus
843 1359 1043 1410 scriptura:
1084 1370 1232 1409 “saxger
1250 1371 1275 1396 τ
1297 1371 1479 1410 mongum?

130 1417 260 1464 λέγειν.

1314 737 1475 788 Magnus

134 1563 222 1587 nem
237 1551 334 1587 hano
343 1553 472 1588 versus
484 1550 614 1588 Graeci
628 1564 647 1586 a
661 1550 778 1599 Quin-

135 1608 268 1644 tiliano
312 1608 382 1644 v'ix
429 1608 589 1658 potuiss'e
636 1607 776 1654 subjici.

134 1664 236 1712 Quid
264 1673 395 1700 ‘autem
427 1667 452 1700 fi
485 1667 622 1701 Graeca
648 1663 776 1712 potius

134 1720 198 1756 ista
229 1721 312 1756 sunt
335 1720 538 1772 gloffema‘?
597 1721 707 1768 Quod
734 1729 778 1754 ut

133 1777 300 1826 suspicer,
337 1790 413 1813 non
436 1791 480 1812 eo
501 1776 577 1813 solo
601 1777 777 1816 adducor,

133 1833 237 1882 quod
256 1833 426 1869 (Graecus
458 1835 584 1869 versus
614 1834 685 1868 effe
712 1846 774 1867 ne-

133 1899 244 1942 gatur
254 1890 294 1924 in
305 1889 407 1927 Voss'.
421 1899 458 1934 5.
515 1892 663 1924 Poterat
673 1889 774 1923 enim

134 1945 190 1981 ibi
213 1945 359 1981 Graecis
389 1946 458 1981 effe
479 1945 607 1980 relicta
634 1944 775 1983 lacuna,

134 2013 239 2037 more
279 2001 440 2042 librariis
480 2003 558 2048 ejus
589 2003 673 2036 aevi
705 2001 777 2036 fre-

135 2057 392 2106 quendffimo,
450 2058 517 2106 qui
550 2058 590 2092 in
622 2057 776 2093 vetustis

135 2117 286 2162 qtioque
318 2113 546 2149 editionibus
572 2114 778 2153 invenitur,

135 2179 180 2205 ut
209 2169 281 2205 hoc
303 2170 381 2219 ipso
411 2169 493 2206 loco
515 2180 552 2205 et
570 2171 710 2219 semper
737 2170 778 2205 in

140 2228 163 2265 J
165 2227 368 2261 ensoniana.
421 2229 638 2275 Quanquam
653 2241 672 2261 a
685 2228 779 2262 Bur-

134 2295 274 2317 manno
289 2282 478 2333 significari
497 2283 668 2322 arbitror,
695 2281 779 2318 nul·
798 2282 801 2283 ⁷

136 2337 216 2374 lum
238 2338 355 2374 adeffe
375 2339 504 2375 Graeci
523 2340 650 2375 versus
670 2339 778 2374 vesti·

135 2395 254 2447 gium.
307 2396 440 2430 Latina
463 2397 487 2431 fi
517 2409 536 2431 a
567 2395 777 2447 gloffiatore

139 2448 253 2485 effent
281 2451 471 2499 profecta,
520 2451 638 2487 verbo
669 2452 777 2487 finito

137 2505 239 2541 hunc
270 2507 377 2542 fuiffe
406 2509 568 2543 usurum
596 2506 776 2547 existimo,

137 2573 214 2597 non
225 2562 435 2600 infinitivo:
465 2564 558 2616 qffe5
587 2577 706 2612 neque
720 2577 779 2612 ap·

135 2628 262 2667 paret,
312 2631 426 2667 quare
455 2619 561 2655 nullo
591 2630 779 2670 praeterea

135 2673 220 2709 loco
242 2675 382 2711 Graeco
406 2685 479 2711 tam
510 2675 605 2711 male
632 2669 777 2712 sedulus

136 2730 319 2780 interpres
343 2732 412 2767 sese
430 2731 657 2781 prodidisset.
713 2735 779 2769 Et-

135 2787 210 2821 iam
239 2787 278 2823 id
315 2787 415 2836 quod
449 2789 602 2828 monui,
633 2789 779 2825 Cicero-

833 1550 891 1586 nis
911 1548 1036 1585 locum
1062 1547 1111 1584 ob
1140 1547 1268 1585 oculos
1290 1551 1477 1585 versatum

835 1606 1082 1656 Quintiliano,
1112 1619 1172 1641 me
1183 1606 1322 1641 avertit
1336 1619 1354 1640 a
1369 1607 1480 1643 Grae·

833 1664 884 1699 cie
910 1662 1006 1698 hisce
1025 1663 1126 1698 veris
1148 1671 1185 1698 et
1206 1663 1392 1713 germanis
1405 1676 1480 1697 cre-

833 1719 975 1755 dendis.
1043 1719 1176 1755 Cicero
1204 1719 1376 1767 posuerat
1403 1720 1479 1755 sen.

835 1776 988 1811 tentiam
1011 1774 1144 1814 solam,
1183 1775 1328 1811 Latinis
1350 1775 1476 1811 verbis

831 1831 1055 1880 expreffam,
1094 1844 1172 1866 non
1195 1832 1343 1867 versum
1366 1832 1478 1867 Grae—

833 1901 944 1929 cum3
994 1887 1093 1922 idem
1126 1888 1247 1923 feciffe
1277 1886 1476 1935 Quintilia-

832 1957 924 1979 num
948 1953 1041 1992 puto
1054 1969 1064 1983 ,
1094 1956 1114 1978 a
1135 1953 1237 1978 tanto
1258 1953 1409 1979 auctore
1429 1957 1477 1979 ne

832 2000 872 2035 in
896 1999 1062 2035 minimis
1087 1999 1240 2047 quidem
1262 2005 1399 2035 temere
1419 2001 1478 2036 de-

831 2057 1030 2091 recturum.
1089 2049 1206 2091 Erant
1228 2055 1302 2092 hoc
1326 2069 1478 2092 monen-

836 2112 875 2147 di
901 2111 964 2148 vel
995 2113 1157 2152 tirones,
1196 2125 1243 2147 ne
1272 2113 1371 2148 forte
1392 2114 1478 2160 quis

835 2181 967 2204 eorum
1001 2168 1166 2204 crederet
1195 2178 1402 2218 utrumque
1432 2172 1479 2205 fic

835 2235 877 2260 ut
889 2238 989 2260 nunc
1005 2224 1146 2275 legitur
1155 2226 1313 2274 potuisse
1334 2239 1353 2260 a
1364 2226 1478 2274 Quin-

835 2281 964 2316 tiliano
995 2282 1194 2330 proficisci,
1234 2281 1338 2329 quod
1364 2281 1479 2334 longe

834 2338 883 2373 est
903 2347 1091 2373 remotum
1115 2337 1159 2372 ab
1182 2339 1261 2384 ejus
1285 2339 1478 2374 consuetu·

833 2394 940 2433 dine,
981 2393 1129 2442 ipsaque
1160 2393 1251 2429 adeo
1280 2393 1475 2446 elegantia.

832 2451 893 2486 De
925 2450 1056 2486 Graeci
1094 2451 1220 2485 versus
1261 2451 1475 2487 conditione

834 2507 947 2542 etiam
969 2505 1053 2545 hic.
1082 2506 1108 2541 fi
1130 2505 1272 2555 placet,
1301 2506 1364 2543 adi
1392 2518 1471 2543 nor.

836 2562 929 2600 crit.

880 2617 1010 2668 supra.
1074 2627 1122 2658 2,
1156 2625 1219 2662 15,
1252 2630 1316 2655 ao.

896 2672 1179 2723 Theophrastus.
1243 2675 1337 2722 Ejus
1374 2674 1476 2715 artis,

835 2730 1059 2780 deperditae,
1088 2728 1342 2766 meminerunt
1359 2731 1475 2782 Diog.

834 2788 959 2824 Lacte.
991 2795 1036 2829 5,
1076 2791 1143 2835 48,
1195 2797 1234 2823 et
1266 2787 1476 2823 Scholiasta
