1656 2990
262 226 328 258 xi,
695 214 1139 262 PRAEFATIO.

270 336 504 386 Prooem.
545 350 593 395 3.
669 337 946 388 Difficilior
987 337 1059 386 est
1095 336 1325 403 quaestio
1363 335 1430 387 de
1459 332 1576 401 §De-

273 425 681 482 clamationibus‚
719 443 852 491 quae
872 428 1034 491 vulgo
1064 427 1369 474 tribuuntur
1398 423 1576 472 nostro

276 510 526 576 scriptori.
619 516 748 562 Eam
789 514 1007 578 quidem
1039 515 1285 563 inchoare
1315 514 1418 562 hoc
1445 512 1582 568 loco,

277 616 421 649 meae
444 602 745 666 provinciae
769 599 865 648 effe
884 601 1029 651 haud
1053 602 1220 651 credo.
1296 600 1428 650 Vide
1449 615 1582 664 quae

277 688 333 734 in
363 687 657 737 transcursu
687 690 876 736 monui
908 688 971 735 ad
1000 703 1058 746 2,
1100 705 1188 746 10,
1226 694 1272 737 6.
1350 692 1582 736 Tantum

274 773 441 822 testari
479 775 654 833 liceat,
707 777 996 824 'orationem
1031 777 1335 842 quidemin
1365 774 1430 824 ijs
1461 772 1580 822 sane

272 858 367 908 ess'e
401 862 689 927 elegantem
720 880 893 928 neque
929 880 1045 912 raro
1076 862 1216 929 poss'e
1249 865 1480 928 aliquam
1501 861 1582 908 lo-

273 944 473 1012 quendi
519 949 916 1003 fimilitudinem
966 951 1312 999 animadverti
1361 951 1583 998 interce-

271 1037 484 1114 dentem
512 1038 577 1087 iis
611 1056 736 1088 cum
775 1038 952 1097 nostro
994 1055 1177 1104 opere,
1234 1038 1300 1086 de
1340 1054 1446 1103 qua
1484 1052 1582 1100 ego

272 1126 330 1172 in
367 1127 507 1174 notis
544 1125 766 1176 subinde
806 1129 1128 1175 mentionem
1165 1125 1280 1174 feci.
1359 1126 1413 1174 Si
1451 1122 1585 1188 quid

273 1223 447 1261 tamen
483 1215 543 1262 in
580 1214 889 1265 universum
926 1214 998 1262 est
1035 1214 1379 1270 statuendum,
1417 1211 1584 1260 fateor

271 1301 408 1349 mihi
458 1318 622 1367 aeque
672 1316 729 1351 ac
774 1304 950 1351 Baelio
1012 1303 1243 1368 (Article
1292 1300 1586 1369 Quintilien

273 1398 380 1436 not.
416 1391 510 1453 E.)
563 1392 766 1455 placere
810 1391 947 1438 Petri
981 1391 1134 1439 Fabri
1178 1389 1438 1450 judicium
1487 1385 1587 1452 (ad

273 1478 493 1526 Senecae
532 1479 683 1527 Rhet.
723 1480 972 1528 Controv.
1006 1480 1040 1526 1.
1069 1491 1114 1536 5.
1156 1475 1349 1544 praef.)
1391 1491 1585 1539 negan-

272 1566 338 1613 tis
367 1566 709 1632 Quintiliano,
748 1566 852 1615 five
877 1567 970 1632 ipsi
1001 1566 1177 1615 nostro
1209 1563 1312 1613 five
1347 1579 1446 1611 avo
1479 1561 1585 1610 five

273 1654 407 1717 patri
430 1658 569 1714 ejus,
610 1654 907 1702 tribuendas
929 1647 1023 1703 esse
1053 1654 1448 1701 declamatiOnes
1480 1658 1581 1712 145

274 1741 337 1788 ab
371 1743 612 1806 Ugoleto,
653 1741 908 1798 Aerodio,
949 1741 1167 1788 Pithoeo
1200 1739 1384 1796 editas,
1426 1737 1589 1800 magis

277 1838 454 1876 autem
487 1827 708 1878 faventis
746 1823 1082 1894 undeviginti
1117 1829 1406 1891 prioribus,
1454 1839 1588 1888 quae

278 1914 476 1964 soleant
522 1918 772 1980 conjungi
819 1933 940 1964 cum
984 1931 1139 1979 opere
1176 1913 1584 1962 Institutionum.

276 2003 534 2052 Aerodius
559 2002 771 2052 viciffim
803 2004 1018 2067 aequior
1045 2001 1117 2049 est
1144 2000 1446 2066 fragmentis
1473 1997 1590 2047 ista-

278 2106 400 2138 rum
435 2096 535 2152 145
575 2102 626 2138 et
650 2090 771 2139 sunt
802 2089 920 2137 sane
944 2106 1125 2138 earum
1160 2098 1462 2152 argumenta
1491 2086 1591 2135 mi·-
1622 2078 1632 2084 ’

280 2195 380 2227 :nus
417 2177 484 2226 ad
513 2177 794 2235 fabulosas,
834 2195 961 2242 quas
995 2178 1260 2242 improbat
1294 2173 1469 2224 noster
1496 2173 1585 2221 lib.

284 2279 330 2312 2.
368 2265 401 2312 l.
431 2283 500 2325 c.,
536 2266 829 2333 praestigias
862 2263 1152 2331 composita.
1551 2264 1555 2268 ’

429 2442 633 2491 Accedo
677 2442 743 2491 ad
785 2438 1122 2490 recensendos
1176 2438 1395 2489 Codices
1443 2439 1588 2491 MSS.

283 2527 444 2590 hujus
471 2531 642 2595 operis
670 2532 728 2578 in
757 2529 1086 2578 bibliothecis
1106 2527 1356 2585 servatos,
1394 2541 1502 2590 quo
1531 2527 1589 2573 in

284 2598 482 2682 genere!
501 2634 570 2667 ne
595 2618 713 2683 quis
740 2617 1063 2682 diligentiam
1093 2617 1335 2665 virorum
1367 2615 1426 2663 in
1453 2611 1592 2663 hisce
